3048 4792
269 300 361 352 XXIV
616 285 823 342 Pnnunnrro
843 283 1014 338 ΕΒΙΤΟΒΙΒ

137 555 140 560 ¹
261 451 389 540 'sunm
411 464 513 538 rnodo
532 463 653 536 solitae
675 451 1073 555 magnitudinsiitteris,
1100 455 1202 530 rnodo
1226 439 1343 548 gren-

276 591 445 680 dioribus,
473 581 576 662 uredo
602 587 790 662 minoribus
818 590 967 684 seriptee
994 581 1342 680 deprehendamus».

276 720 433 812 Denique
457 715 647 788 litterarum
674 713 786 788 forme
814 709 847 788 ei
873 713 990 788 similis
1009 720 1075 799 est,
1102 731 1192 804 queo
1213 717 1284 782 tom
1306 710 1343 782 in

274 839 526 928 Mediolanensi
554 843 758 930 Frontonis,
786 845 856 912 tunt
881 843 917 914 in
944 839 1145 914 Florentino
1172 836 1344 928 Digesto-

272 989 349 1040 rum
376 968 513 1042 oodiee.
527 970 754 1064 conspicitur3
785 971 833 1042 ite
859 979 990 1056 tenen,
1017 974 1053 1036 ut
1078 965 1186 1036 nostri
1213 961 1345 1038 eodiois

206 1087 219 1100 ’
274 1096 443 1192 seripture
477 1093 709 1168 Florentinum
742 1106 928 1170 venustate
964 1101 1143 1190 proestare
1175 1089 1346 1162 videntur»

210 1247 213 1265 ·
276 1220 402 1314 Magno
424 1229 606 1316 praetereo
626 1223 841 1298 Veronensis
860 1221 1100 1302 etFlorentini
1118 1216 1247 1290 oodiois
1270 1213 1345 1288 dii-

278 1344 530 1420 terentia-haec
547 1359 612 1438 est,
637 1349 727 1443 quod
748 1349 784 1419 in
807 1348 864 1424 illo
890 1347 1197 1442 frequentissimus,
1220 1345 1256 1414 in
1277 1341 1346 1416 hoe

278 1473 475 1576 repisumns
503 1484 556 1546 est
582 1474 743 1568 sigidrum
756 1497 863 1554 usus.
1233 1483 1239 1490 ’

359 1599 456 1672 Huee
474 1599 518 1672 de
536 1599 658 1672 oodioe
674 1601 771 1674 Xlll.
783 1603 1026 1695 Fragmentum
1044 1608 1157 1670 sutem
1175 1595 1219 1668 de
1235 1617 1345 1690 pree-

280 1726 502 1821 seriptionunr
520 1735 553 1800 et
569 1727 826 1803 interdictorum
839 1732 919 1821 iure·
937 1725 1135 1802 membrano
1152 1723 1347 1796 eontinetor

278 1851 432 1944 ejusdem
450 1853 565 1949 ptrue,
586 1859 729 1949 ,quaein
753 1856 810 1930 iilo
830 1856 951 1928 codiee
969 1854 1188 1938 observetur,
1211 1849 1345 1924 formes

281 1985 382 2069 atque
399 1976 549 2070 igurae3
576 1981 667 2050 idern
689 1995 794 2072 porro
812 2001 976 2054 versuum
993 1981 1092 2050 unius
1110 1979 1256 2072 paginae
1273 1997 1344 2048 nn-

281 2123 418 2190 merus·,
449 2102 541 2174 idem
569 2081 767 2198 seripturoe
783 2128 925 2198 genus..
959 2106 1055 2193 Quae
1083 2103 1156 2178 solu
1182 2103 1345 2185 suilieere

282 2227 428 2321 possint,
455 2237 491 2298 ut
514 2230 587 2322 quis
608 2227 772 2303 Savinii
801 2225 934 2306 de'hoe
952 2233 1144 2326 irugrnento
1163 2235 1344 2324 oonjeotu-

284 2372 358 2422 rurn
384 2351 596 2448 probabilem
624 2353 814 2440 arbitretur,
871 2356 942 2430 Sed
969 2360 1039 2448 jem
1070 2379 1140 2430 non
1170 2379 1275 2454 opus,
1308 2366 1347 2428 ut

247 2517 252 2526 ‚
285 2457 647 2568 conjecture'utnmur:
673 2469 844 2570 certares
863 2491 1032 2575 estntque
1051 2482 1221 2576 expedite.
1259 2483 1346 2556 Nem

286 2611 443 2676 extremo
468 2603 651 2700 iregrnenti
664 2607 797 2698 ¹verbo,
814 2587 947 2702 ¹quilnrs
974 2607 1018 2680 de
1044 2604 1226 2678 tnterdioto
1245 2607 1350 2691 (itro-¹

283 2752 359 2802 rum
376 2728 549 2830 beuor‘umy
562 2735 684 2825 egitur,
710 2735 797 2808 hoeo
816 2746 908 2808 sunt:
938 2731 1102 2827 „eiusque
1119 2735 1171 2806 uis
1190 2742 1229 2840 et.
1240 2743 1347 2827 pote-

286 2868 357 2930 sns
383 2857 471 2926 haee
499 2869 563 2946 est,
590 2869 627 2926 ut
653 2862 753 2951 quod.
770 2866 915 2956 quisque
929 2883 976 2934 ex
994 2861 1050 2936 his
1064 2859 1176 2948 honis,
1204 2881 1347 2952 quorun

284 2981 463 3074 possessio
491 2980 591 3050 ulioui
619 2981 695 3064 doto
722 2995 786 3071 est,
815 3009 877 3079 pro
897 2985 1027 3056 herede
1046 2995 1102 3056 eut
1118 3009 1184 3079 pro
1199 2995 1355 3082 posses-¹

288 3105 406 3215 sore''.
447 3102 508 3202 ,Ad
536 3103 682 3174 eandem
708 3116 820 3180 eutero
846 3112 1018 3181 materiem
1045 3113 1191 3206 pertinet
1218 3113 1347 3184 oodieis

289 3226 386 3298 Xlll.
415 3227 532 3300 folium
558 3227 682 3324 deX„
712 3231 808 3324 (peg.
828 3234 954 3326 eon),
987 3239 1021 3308 in
1054 3240 1148 3330 eujus
1179 3240 1349 3334 principio

289 3351 449 3444 leguntur
475 3349 576 3422 hseo:
606 3355 829 3448 „possideret
857 3360 958 3452 idei,
986 3366 1039 3434 eui
1065 3363 1233 3436 bonorum
1259 3383 1348 3457 pos-

248 3555 257 3572 ,
293 3478 403 3550 sessio
430 3475 505 3556 doto
530 3487 594 3565 est,
621 3481 827 3553 restituatur.
856 3509 917 3580 pro
941 3488 1070 3575 herede
1095 3498 1205 3559 eutem
1229 3489 1349 3582 possi-

359 3702 395 3736 ²⁰
410 3699 490 3750 Velut
501 3701 630 3768 rubricae,
644 3721 722 3772 quarn
735 3707 792 3760 sotii
802 3712 857 3762 XC.
868 3713 933 3764 recti
944 3713 1014 3778 (pag.
1024 3712 1077 3776 73.)
1091 3727 1183 3764 versus
1191 3713 1216 3762 7.
1232 3710 1349 3775 exhibet,

293 3787 400 3842 litterae
415 3806 430 3840 n
444 3792 539 3844 ueteris
552 3793 616 3848 nihil
630 3798 763 3853 differunt.
786 3805 822 3860 At
833 3803 859 3854 in
874 3804 931 3856 sotii
942 3805 973 3856 C.
984 3804 1070 3854 eversi
1080 3804 1151 3867 (pag.
1160 3801 1228 3864 112.)
1237 3816 1313 3852 versu
1322 3806 1349 3854 2.

298 3881 482 3946 grandioribus
500 3887 593 3940 litteris
610 3907 671 3944 usos
691 3899 731 3945 est
751 3894 884 3946 librarios.
916 3896 968 3949 Qui
987 3901 1076 3946 temen
1094 3891 1224 3955 rubricas,
1241 3907 1308 3960 ques
1319 3896 1350 3948 in

298 3973 362 4028 rouo
377 3979 477 4031 xxvn.
490 3979 636 4051 (paeon.)
656 3987 755 4052 posuit,
774 3986 968 4038 minutissimis
978 3984 1076 4036 titteris
1094 3983 1234 4050 expressit.
