3048 4792
238 285 301 337 xlv
572 277 776 331 PRAEFATIO
795 279 963 335 EDlTORlS

241 459 290 528 cis
307 456 468 527 remediis
485 453 653 545 adhibitis,
682 457 806 530 frustra
825 479 964 554 operam
981 462 1212 554 consumpturi
1232 481 1295 531 es·-

240 603 363 656 semus.
418 583 523 677 Igitur
549 593 584 653 ut
610 583 720 676 gallae
746 586 878 676 infuso,
912 586 1001 682 quod
1034 585 1133 660 nohis
1160 586 1295 682 quidem

239 713 386 782 omnium
409 711 638 783 remediorum
661 732 763 782 unum
787 735 826 784 se
848 712 1019 808 probavit,
1045 717 1093 786 uti
1115 714 1248 804 liceret,
1275 738 1295 786 a

237 837 542 911 Revereudissimo
563 835 717 932 Capitulo
734 841 837 911 venia
860 841 1009 935 petenda
1034 853 1116 914 erat.
1163 845 1295 932 Quare

237 966 395 1038 ellectum
410 937 487 1053 est,
514 973 550 1034 ut
577 985 596 1034 a
623 963 737 1036 medio
765 963 899 1035 demum
917 965 1014 1038 lunio
1041 991 1088 1040 ex
1114 981 1197 1043 voto
1224 993 1294 1043 no·

234 1092 287 1165 bis
314 1091 521 1186 procederet
547 1092 695 1187 suscepti
718 1091 865 1163 mandati
885 1097 1063 1185 executio,
1091 1117 1190 1190 quae,
1218 1119 1295 1168 cum

236 1218 345 1312 eliqua
362 1226 474 1289 tamen
492 1213 757 1308 intermissione,
784 1219 827 1290 ad
850 1221 998 1292 medium
1016 1222 1092 1295 iere
1111 1222 1293 1296 Octobrem

235 1355 420 1440 occupatos
452 1366 516 1416 nos
549 1347 665 1418 tenuit.
722 1344 943 1424 Bekkerus
976 1350 1130 1446 quidem,
1153 1360 1198 1422 ut
1228 1349 1293 1421 alia

234 1493 343 1566 eaque
369 1473 572 1565 gravissima
598 1473 742 1546 litterata
769 1477 906 1566 negotiu
932 1474 974 1548 ab
997 1477 1186 1550 Academia
1214 1480 1293 1551 Re·

193 1691 196 1708 ι
233 1599 290 1692 gia
309 1597 372 1672 sibi
390 1597 569 1678 commissa
588 1602 781 1697 expediret,
802 1604 872 1695 jam
896 1614 1046 1677 exeunte
1069 1625 1189 1678 mense
1206 1603 1292 1676 lulio

232 1727 461 1800 Mediolanum
494 1749 533 1800 se
565 1717 772 1819 contuleram
804 1751 918 1825 neque
950 1743 1063 1806 tamen
1094 1731 1204 1808 solum
1236 1752 1292 1802 me
1415 1711 1426 1737 '

176 1947 182 1954 .
231 1855 424 1950 reliquerat.
470 1855 685 1930 Clarissimus
710 1861 801 1930 enim
823 1858 1104 1951 Hollwegius,
1131 1861 1290 1932 Vniver-

232 1984 337 2054 sitatis
363 1981 548 2050 litterariae
574 1981 824 2066 Berolinensis,
850 1978 908 2048 uni
929 1983 998 2071 jam
1026 1984 1169 2072 egregie
1196 1982 1290 2053 Pro-

232 2107 376 2180 fessoris
408 2113 523 2200 partes
551 2104 712 2194 sustinet,
746 2126 789 2175 eo
822 2113 977 2198 tempore
1009 2105 1180 2200 elurmnus,
1214 2131 1290 2180 cum

233 2232 480 2321 difficultatum,
514 2251 596 2326 quas
628 2227 773 2301 haberet
805 2229 933 2304 codicis
965 2232 1061 2305 Xlll.
1095 2234 1289 2330 explicatio,

226 2361 320 2433 dama
347 2359 390 2430 ad
417 2379 495 2430 enm
521 2357 650 2454 perlata
675 2367 779 2448 esset,
807 2355 992 2430 litterarum
1016 2384 1133 2435 amore
1157 2362 1289 2454 ductus,

231 2511 292 2564 sua
318 2495 440 2583 sponte
468 2507 607 2580 operam
635 2505 729 2555 suam
761 2482 934 2558 oblaturus
966 2489 1010 2560 ad
1036 2493 1100 2563 nos
1126 2501 1288 2564 venerat:

230 2621 324 2712 cujus
351 2613 537 2685 industriae
559 2621 660 2707 atque
678 2610 851 2685 sollertiae
869 2624 1027 2712 quantum
1046 2615 1203 2709 debeam,
1231 2619 1289 2690 di-

231 2769 313 2818 cere
339 2745 402 2816 vix
427 2762 576 2835 possum.
621 2743 693 2815 lam
710 2762 797 2815 vero
817 2749 865 2833 ut,
892 2765 980 2838 quae
1005 2748 1288 2842 praestiterimus,

228 2873 382 2943 breviter
409 2867 652 2958 demonstrem,
679 2873 823 2962 primurn
848 2894 902 2959 ea,
929 2895 1017 2966 quae
1033 2872 1287 2947 Niebuhrius

230 2996 447 3098 coniecerat,
487 2993 644 3089 exempla
676 2993 859 3087 diligenter
891 3005 925 3065 et
956 3003 1221 3090 recognovimus
1255 3008 1290 3070 et

230 3098 476 3223 supplevimus:
505 3120 629 3192 deinde
647 3143 702 3210 ea,
721 3119 840 3214 quibus
854 3120 1034 3212 juridicum
1052 3122 1180 3196 codicis
1192 3123 1288 3218 Xlll.

230 3233 464 3346 argumentum
490 3246 808 3344 comprehenditur,
836 3269 991 3343 quaeque
1016 3271 1157 3345 prorsus
1183 3253 1287 3322 inco«

229 3381 323 3472 gnita
342 3385 439 3448 erant
456 3385 569 3465 antea,
595 3373 758 3470 pleraque
775 3364 894 3445 'omnia
920 3368 1209 3471 transcripsimus3
1237 3387 1285 3467 ut,

229 3527 316 3601 quiae
330 3502 536 3597 inexplicata
553 3500 654 3574 uobis
672 3499 894 3593 relinquenda
918 3500 1056 3593 inerint,
1082 3505 1143 3576 vix
1161 3527 1285 3576 nonam

229 3635 329 3705 totius
356 3629 485 3701 codicis
517 3637 647 3723 partem
675 3624 840 3698 efficiant:
874 3627 1020 3724 denique
1045 3629 1153 3720 illam,
1186 3637 1286 3725 quum

230 3781 332 3854 supra
365 3753 575 3848 significavi,
615 3752 779 3826 Sa'vinii
813 3757 1040 3846 conjecturam
1071 3759 1286 3828 verissimam

227 3885 439 3967 invenimus,
468 3881 561 3971 cujus
578 3881 630 3950 rei
647 3887 767 3975 postea
786 3880 1041 3954 evidentissima
1059 3881 1196 3954 alteram
1216 3883 1284 3956 do-

228 4017 393 4084 cumenta.
447 4005 566 4100 Neque
594 4029 697 4096 vero,
726 4029 801 4076 cunr
827 4028 1029 4102 prosperum
1055 4008 1144 4080 hunc
1170 4013 1282 4103 cogito
