3032 4792
407 937 410 943 ·
503 889 623 977 unu
650 891 1108 980 INSTITVTIONVM

416 1023 879 1118 COMdOEN'l'ARlVS
914 1030 1196 1135 QVARTVS.

707 1269 908 1282 m

303 1527 346 1614 t§.
367 1528 394 1592 l.
416 1566 458 1576 -
481 1540 559 1618 quot
588 1552 709 1622 genero
738 1531 903 1600 notionum
930 1531 1009 1612 sint,
1039 1529 1148 1596 uerius
1176 1527 1311 1612 uidetur,

303 1634 367 1704 duo
383 1659 469 1705 esse:
492 1639 525 1706 in
550 1641 642 1730 trem,
666 1653 698 1710 et
716 1644 749 1710 in
763 1663 951 1734 personam.
973 1646 1073 1708 nom²
1092 1639 1147 1728 qui
1168 1659 1217 1705 uu
1239 1661 1311 1707 esse

303 1745 481 1818 dixerunt³
509 1773 551 1818 ex
574 1754 781 1843 sponsionum
806 1751 1002 1842 igeneribus,
1025 1771 1089 1816 non
1111 1748 1353 1816 unimodum-4

302 1866 426 1942 terunt,
456 1861 611 1950 quasdem
640 1864 764 1954 species
793 1863 965 1951 actiolnum
994 1841 1102 1926 inter⁴
1128 1881 1249 1949 genere
1278 1881 1313 1924 se

304 1970 476 2037 rettulisse.
520 1974 550 2058 §.
572 1974 603 2037 2.
631 1972 666 2038 ln
689 1992 861 2061 personum
883 1970 966 2037 aetio
989 1979 1056 2054 est,
1088 1991 1151 2058 qun
1179 1969 1315 2059 agimus,

208 2118 214 2120 -
305 2079 471 2166 lquotiens
500 2101 574 2144 cum
605 2081 752 2167 atiquo⁸,
779 2080 835 2167 qui
861 2078 955 2146 nobis
983 2078 1036 2146 uel
1067 2101 1109 2144 ex
1136 2087 1313 2158 contractu,

304 2184 358 2249 uel
382 2207 424 2250 ex
453 2183 567 2250 delicto
597 2185 765 2274 oblitgutus
792 2196 857 2266 est,
889 2190 1171 2270 (contendimus),
1200 2187 1233 2252 id
1255 2196 1314 2268 est,

305 2313 379 2357 cum
405 2290 617 2376 intendimus,
647 2292 742 2376 dare,
770 2296 893 2374 facere,
922 2303 1086 2384 praestare
1114 2295 1358 2382 oportetre⁶.3

293 2402 334 2488 '§.
354 2399 383 2466 3.
414 2399 449 2468 ln
471 2403 645 2470 romantio
669 2413 737 2486 est,
765 2426 840 2471 cum
869 2414 925 2471 aut
952 2402 1152 2491 corporalem
1174 2404 1315 2478 remun-

374 2599 429 2670 Μ.
444 2601 535 2656 1-5.
571 2608 581 2643 ¹
605 2603 686 2658 Quod
704 2603 830 2656 annotavi
849 2602 877 2656 in
895 2605 945 2657 Ed.
957 2606 992 2671 l.,
1010 2619 1122 2657 vacuam
1140 2600 1227 2656 videri
1245 2601 1314 2654 hunc

222 2755 231 2764 ,
304 2697 406 2749 lineam
425 2701 453 2750 et
472 2699 611 2766 sequentis
627 2684 811 2767 principium,
836 2698 865 2750 id
887 2698 927 2750 ita
949 2714 1009 2751 esse
1031 2714 1080 2767 pro
1106 2702 1180 2750 oerto
1198 2697 1315 2750 affirmat

303 2791 351 2844 Bt.
387 2794 499 2846 Praeter
517 2793 668 2861 rubricam,
694 2794 717 2846 si
740 2809 821 2862 quern
841 2791 928 2858 Gaius
946 2791 1085 2861 apposuit,
1111 2793 1164 2844 tale
1183 2789 1248 2860 qnid
1267 2791 1315 2842 de-

304 2885 439 2953 perditum
458 2904 517 2940 esse
536 2889 712 2941 crediderim:
738 2891 884 2956 Superest,
910 2895 940 2938 ut
959 2890 991 2939 de
1010 2887 1160 2939 notionibus
1176 2889 1315 2956 toqunmur

304 2979 394 3044 (Cont.
408 2998 449 3050 pr.
463 2984 484 3034 l.
503 2984 536 3034 de
550 2983 623 3049 sot).
661 2985 761 3047 Quodsi
779 2981 872 3050 [immo
890 2980 934 3049 st]
954 2983 1103 3050 querentur.
1178 2985 1193 3040 ,²
1215 2980 1312 3034 Sohed.

299 3071 355 3141 nst)
367 3090 416 3143 pro
426 3063 455 3137 ri,
474 3081 505 3128 ut
523 3076 627 3144 opinor.
703 3072 837 3128 ³Sohed.
855 3078 972 3128 dtoer‘tu
1049 3075 1209 3129 ⁴scheda
1245 3075 1313 3129 Cod.

303 3151 516 3221 modernior
609 3175 702 3239 ⁸qun
727 3173 780 3221 etc.
816 3169 867 3221 Ed.
883 3171 920 3221 l.:
945 3184 1000 3236 que
1025 3168 1128 3236 egimus
1153 3157 1310 3239 ineruerent

303 3260 394 3315 stione
436 3263 535 3318 Sched.
562 3281 614 3335 qun
637 3262 849 3332 optm'(agr'mus)
874 3261 1091 3333 tunorteueffless)
1117 3267 1205 3317 ottone
1249 3267 1311 3319 BL:
1383 3269 1388 3276 '

301 3354 442 3422 tqnotiens
461 3357 570 3425 e’toom)
590 3359 681 3427 utiquo
724 3360 818 3426 ltaque
834 3355 906 3424 iem,
930 3359 1020 3411 deleto
1038 3358 1196 3428 pronomine
1215 3374 1266 3428 qun
1284 3364 1312 3410 et

303 3448 467 3516 transposito
485 3453 566 3503 verbo
586 3455 703 3520 opimus,
722 3453 865 3518 legendum
884 3453 1021 3507 existimo:
1045 3455 1168 3522 qreotiens
1185 3469 1242 3505 crem
1259 3455 1312 3506 otte

303 3560 355 3613 quo
373 3545 476 3610 opimus
507 3543 561 3612 [tta
577 3547 628 3599 Ed.
642 3549 669 3598 2.
705 3544 823 3598 Restitui
841 3548 914 3615 quod
932 3548 1015 3601 hebet
1032 3548 1136 3613 Codex,
1154 3547 1246 3598 addito
1265 3546 1311 3598 ubi

303 3637 384 3692 facile
403 3637 529 3692 excidere
547 3639 637 3708 potnit
655 3641 859 3709 contendimus]
952 3648 965 3682 θ
992 3657 1049 3692 cnm
1066 3644 1118 3693 eto.
1159 3639 1271 3694 Sebeda
1289 3642 1312 3692 ε’

304 3734 385 3803 (oum)
403 3733 567 3788 intendimus
582 3736 646 3787 dare
658 3735 748 3788 facere
759 3717 864 3804 irruo
883 3734 940 3804 otte
959 3735 1016 3802 (pro
1029 3734 1086 3787 dre
1101 3735 1119 3786 i.
1131 3750 1155 3785 e.
1169 3734 1313 3801 oportere).

305 3829 406 3882 Eadem
425 3833 505 3898 plane
523 3831 664 3882 verborum
678 3836 814 3884 structure
829 3831 857 3882 in
870 3827 1086 3882 Institutionibus
1103 3830 1163 3881 looo
1182 3826 1252 3880 infre
1271 3833 1312 3883 ut-

342 4006 465 4078 §.§.1.2.
486 4011 564 4064 Conf.
573 4011 598 4079 §.
609 4014 633 4064 l.
645 4014 664 4064 1.
675 4013 708 4062 de
719 4016 771 4063 aot.
868 4007 928 4076 §.3.
949 4006 1028 4061 Cous.
1040 4006 1158 4080 ΜΗ.
1167 4011 1187 4062 Ι.
1200 4010 1233 4061 de
1243 4017 1295 4063 act.
