3048 4792
297 248 388 312 nuru
574 267 575 272 ¹
627 249 831 306 rouunnuro
850 249 1021 306 umuonrs

300 438 489 515 exoratum,
507 449 553 500 ex
572 426 608 498 S.
622 427 824 520 Hieronymi
844 427 991 522 seriptis,
1009 428 1174 524 imprimis
1194 429 1364 524 exipsius

300 555 453 652 epistolis
486 551 698 650 desumptum
727 562 781 626 est
795 549 829 621 ¹².
884 553 1017 632 Primo,
1034 565 1147 628 temen
1180 553 1365 650 ultimoque

301 682 383 754 lolio
414 703 480 751 nec
512 701 582 752 non
615 677 706 750 loliis
739 683 874 752 aversis
902 681 1066 752 XXXIX.
1096 691 1131 752 et
1157 681 1265 754 XLll.
1294 701 1364 757 ett-

249 795 254 816 '
297 809 423 902 ceptis,
458 817 575 879 cetero
607 804 984 902 ubique‘entiquiorem
1010 817 1192 901 praetereo
1219 806 1367 902 produnt

296 936 517 1030 scripturam:
544 936 625 1028 quin
647 937 682 1006 iu
705 937 836 1027 majore
847 929 926 1005 ‘lotii
944 932 987 1006 ll.
1008 935 1147 1027 ejrrsque
1165 933 1250 1004 recti
1267 941 1379 1025 perte,

297 1061 389 1136 nulle
415 1059 518 1154 plone
544 1063 716 1134 recentior
739 1083 859 1134 monus
878 1063 1100 1155 conspicitur,
1127 1059 1191 1132 sed
1218 1057 1291 1152 sole
1317 1056 1365 1134 lbi

297 1187 518 1260 inveniuntur
543 1187 743 1280 antiquioris
771 1190 960 1282 scriptume
988 1188 1147 1279 vestigia.
1201 1185 1265 1258 Est
1290 1185 1365 1278 igi-

298 1323 365 1402 tur,
392 1323 429 1384 ut
454 1335 556 1410 supra
581 1315 710 1403 menni„
738 1317 924 1410 rescriptas
950 1313 1076 1386 codex.
1122 1313 1162 1386 ln
1190 1335 1256 1406 quo
1283 1309 1365 1394 illud
1399 1385 1403 1394 ,

297 1457 510 1538 magnopere
528 1439 711 1516 dolendum
730 1451 794 1530 est,
822 1464 898 1531 eos,
927 1444 982 1538 qui
999 1439 1215 1515 membranas
1232 1440 1279 1542 ed,
1299 1457 1365 1510 re-

298 1564 518 1640 scribendum
542 1569 797 1662 praeponunt,
830 1589 900 1640 non
928 1591 971 1642 eo
999 1591 1039 1640 se
1066 1568 1296 1654 continuisse,
1328 1573 1365 1634 ut

275 1673 454 1768 ¹veterem
472 1691 682 1789 'scripturam
709 1693 879 1768 obluendo
907 1693 1076 1786 delerent,
1104 1693 1167 1768 sed
1192 1695 1229 1767 in
1255 1691 1363 1768 attere

264 1819 375 1894 'lere
398 1824 560 1914 cujusque
588 1811 661 1892 folii
682 1825 812 1917 pagina
840 1822 968 1910 cultro,
994 1833 1031 1894 ut
1056 1823 1206 1908 videtur,
1232 1820 1362 1892 tinem

295 1948 447 2018 erasisse
460 1942 502 2013 ¹³:
531 1945 622 2038 quod
645 1945 703 2016 ubi
731 1946 857 2018 laetum
881 1957 947 2036 est,
964 1947 1022 2016 'nd
1036 1955 1195 2020 veterem·
1211 1946 1362 2038 scriptu-

294 2075 369 2156 rnr'n
394 2071 628 2143 reuocandam
660 2071 719 2143 vel
752 2072 905 2146 cbemio'a
938 2071 1073 2149 auxilio
1097 2095 1202 2169 saepe
1235 2068 1361 2145 frustm

295 2184 469 2270 adhibens.
523 2197 673 2294 Antiqua
693 2209 814 2272 eutem
846 2199 902 2270 ille
930 2201 1096 2296 scripture
1123 2198 1265 2294 duplicis
1289 2219 1361 2289 pe·
1393 2287 1405 2310 ι

372 2411 405 2448 ¹²
426 2409 456 2458 ln
469 2405 639 2459 Bibliotheca
652 2389 1010 2477 Mannscripla'Cepituleri
1028 2427 1107 2478 qnam
1128 2414 1184 2462 nol.
1198 2410 1224 2461 5.
1243 2406 1361 2470 nudavi,

297 2501 338 2552 ite
357 2500 533 2554 ‹lescribitnrr
558 2503 751 2567 „Membrana
770 2503 840 2557 Dirc
859 2501 1022 2570 Hieronymo
1045 2509 1164 2558 secretas
1186 2500 1361 2568 ingredimnre

297 2611 368 2662 qnae
382 2589 532 2648 Veronensi
551 2595 664 2647 editioni
683 2613 773 2650 ensem
789 2600 979 2666 praebuerunt.
1016 2599 1068 2652 llic
1085 2614 1196 2666 qnoque
1214 2597 1283 2650 liber
1298 2595 1361 2648 lite-

296 2689 333 2742 ris
352 2690 495 2774 decorntpr
510 2688 667 2755 mojoribus,
686 2687 808 2758 quemvis
823 2707 877 2746 non
892 2693 996 2746 ellcbre
1010 2693 1137 2761 depictis:
1156 2691 1272 2760 spatium
1291 2690 1362 2742 inter

296 2782 428 2836 dictiones
446 2783 592 2835 interlucet
604 2787 726 2860 nullum:
744 2788 851 2850 Graece
868 2790 949 2840 verba
968 2789 1073 2853 graecis
1090 2787 1247 2855 pariterque
1258 2783 1361 2849 meine-

296 2874 365 2926 entis
384 2872 584 2928 characteribus
602 2877 771 2941 effinguntur
771 2907 963 2934 -----
995 2885 1052 2934 Se'x
1069 2889 1098 2934 et
1114 2879 1210 2945 viginti
1228 2879 1362 2932 habentur

297 2966 341 3016 bie
359 2966 516 3030 Hieronymi
535 2968 668 3034 epistotae
684 2972 791 3036 aliaque
816 2972 927 3039 insuper
950 2975 1076 3040 admisce.
1112 2973 1248 3026 illencbus
1265 2972 1360 3034 endo·

298 3073 380 3110 manu
397 3057 493 3124 praeit.
530 3059 675 3124 Adfecere,
695 3061 855 3124 ditaverit,
873 3067 1014 3125 adsertor,
1032 3064 1176 3130 ndeeqnor,
1194 3081 1360 3130 exceperun-

300 3154 363 3214 tius‚
382 3151 604 3217 qnndrnpeneinro
623 3159 755 3220 perpetuo
773 3155 909 3211 scribitur.
926 3197 928 3202 -
943 3157 1038 3210 Tertio
1052 3159 1113 3210 loco
1127 3155 1222 3224 incipit
1238 3157 1358 3222 eiusdem

300 3245 427 3294 adversus
445 3242 608 3296 Helvidium.
645 3247 705 3313 lpso
724 3247 802 3300 initio
821 3249 888 3302 editi
906 3253 1072 3310 assertione,
1095 3251 1147 3304 Me.
1160 3229 1357 3320 ¹trtiertrnpticne.

300 3339 330 3387 ln
347 3337 402 3388 line
422 3335 489 3386 editi
506 3341 667 3404 monitores,
691 3342 742 3394 Me.
761 3345 893 3406 mmitoep
916 3343 1014 3396 deinde
1032 3353 1080 3396 ten
1097 3347 1172 3412 fore,
1198 3349 1357 3414 elegantius.

299 3431 367 3482 Post
391 3435 480 3480 nsoter
504 3427 571 3482 haec
599 3433 735 3486 adduntur
760 3438 841 3488 verbo
866 3437 894 3488 in
919 3440 983 3490 Mc:
1006 3442 1159 3492 Recennoni
1180 3444 1358 3510 Hieronymus

300 3522 440 3574 Bethleem
458 3537 541 3574 memn
561 3531 722 3588 tremntnnrr
741 3543 802 3581 cnm
821 3519 881 3584 eliis
899 3532 978 3591 iidem
998 3549 1100 3586 omnem
1120 3535 1295 3590 elevantibus.
1325 3540 1356 3592 ln

301 3615 380 3668 tilulo
411 3612 541 3680 epistolae
571 3631 642 3670 nunc
670 3619 789 3674 decimae
814 3627 862 3676 nd'
875 3629 985 3678 Paolum
1008 3643 1097 3680 seneen
1121 3631 1172 3684 Me.
1197 3647 1251 3683 non
1276 3631 1356 3684 babet

304 3705 495 3758 Cortconiinc.''
513 3714 565 3763 etc.
708 3703 711 3709 ’

379 3801 412 3838 ¹³
433 3797 529 3863 (Cuius
543 3803 582 3856 rei
596 3806 664 3858 ratio
677 3807 734 3861 eine
748 3811 829 3865 dubio
843 3813 909 3866 baec
922 3813 982 3880 fnit,
1001 3818 1073 3882 qnod
1092 3818 1205 3885 antique
1224 3817 1355 3886 scriptum

302 3888 330 3938 in
348 3905 381 3942 ee
399 3893 608 3950 membranarum
627 3907 717 3969 perte,
743 3923 812 3974 qnae
831 3908 917 3975 pilose
934 3908 997 3962 olim
1017 3911 1122 3971 lueret,
1141 3913 1199 3962 sola
1217 3913 1353 3970 ablutione

298 3982 397 4034 aboleri
417 4001 469 4036 non
487 3992 610 4058 poterat.)
