3048 4792
248 269 393 320 XXXXVl
583 253 787 310 PRAEFATIO
806 255 977 310 untionis

250 448 336 526 tare,
364 436 398 508 id
417 458 460 507 eo
483 434 691 530 potissimum
715 434 874 529 pertinet,
902 431 992 525 quod
1009 431 1044 502 in
1062 429 1183 502 codice
1208 431 1311 504 modo

251 567 385 655 integra
413 570 446 632 et
471 559 644 656 perlecto,
672 559 775 632 modo
802 567 942 656 propter
970 557 1116 630 deletum
1142 560 1326 654 antiquum

251 700 285 763 ct
311 688 603 784 superimpositum
630 691 757 759 novum
785 689 986 780 scripturum
1018 688 1129 759 minus
1155 685 1310 782 perfectu

155 841 159 850 ·
247 815 345 889 nobis
373 816 528 910 apparuit
554 798 835 908 compendiorum
867 787 994 884 formu:
1028 834 1127 908 mum
1155 812 1310 888 diversi·-

247 953 351 1015 tetem
376 944 411 1011 in
438 940 552 1010 indice
571 917 830 1034 exprimendbm
849 959 928 1010 esse
951 936 1113 1030 judicavi.
1151 939 1311 1038 Denique

246 1089 376 1162 operae
399 1067 545 1160 pretium
565 1064 716 1136 futurum
739 1065 933 1154 arbitratus,
961 1066 990 1138 si
1013 1066 1236 1160 insigniorum
1262 1067 1310 1139 li-

246 1191 433 1281 bellorum,
467 1193 522 1286 qui
556 1191 599 1264 de·
633 1191 728 1285 siglis
760 1201 917 1265 veterum
949 1201 1110 1282 tractant,
1143 1197 1309 1269 rationem

246 1295 424 1410 haberem,
453 1319 617 1390 Valerii
644 1316 768 1392 Probi
796 1319 961 1394 delictis
984 1319 1217 1394 Romanorum
1245 1323 1309 1395 Li-

242 1447 387 1537 bellum,
426 1446 533 1518 Notas
561 1449 646 1538 juris
680 1469 700 1516 a
732 1447 939 1540 Magnone
973 1445 1153 1539 collectas,
1192 1451 1307 1523 Petri

244 1576 422 1648 Diuccni
450 1574 494 1646 de
517 1573 614 1647 Notis
634 1573 837 1650 Litterarum
860 1596 957 1647 more
980 1573 1138 1650 Romano
1157 1577 1307 1669 Librum,

243 1703 406 1775 Noturum
434 1711 591 1776 veterum
609 1687 895 1798 Explanetionem
916 1715 966 1774 'ex
984 1699 1140 1800 Papiae
1159 1704 1307 1780 Glossa-

241 1834 307 1921 rio,
335 1832 496 1924 anonymi
524 1829 664 1920 alicujus
691 1829 855 1902 Notarum
877 1830 1098 1922 juridicorum
1125 1831 1308 1924 Explana-

241 1960 388 2045 tionem,
421 1977 488 2025 nec
521 1975 592 2022 non
624 1951 709 2020 alius
741 1955 863 2022 incerti
894 1959 1043 2026 auctoris
1075 1957 1241 2027 Noturum
1274 1964 1309 2026 ct

242 2082 444 2154 Litterarum
472 2077 692 2170 singularium
710 2074 984 2171 Expliootionem
1011 2075 1187 2170 contuli⁵⁰;
1214 2102 1306 2177 quo-

322 2316 358 2354 tu
379 2313 456 2368 Quos
475 2309 519 2363 bic
537 2308 655 2362 indicavi
672 2275 787 2377 libellos,
805 2315 836 2364 ut
849 2310 905 2376 alii,
924 2309 1116 2382 itaediderunt
1128 2313 1210 2368 etiam
1224 2314 1307 2368 Dio·

245 2405 359 2474 nysius
379 2406 608 2459 Gotlrolredus
626 2408 655 2457 et
674 2405 788 2458 Helius
806 2405 1001 2474 Putsclrius,
1022 2409 1068 2461 itte
1085 2411 1156 2462 inter
1173 2413 1306 2464 Auctoreo

241 2501 355 2555 Latinae
373 2501 506 2567 Linguae,
525 2500 568 2552 nic
586 2498 659 2570 inter
676 2501 808 2580 ductores
823 2491 1021 2554 Grammaticus
1039 2505 1161 2556 Latinae.
1196 2505 1247 2556 Est
1264 2509 1306 2556 ta-

245 2579 364 2674 1nenea
392 2595 531 2663 utriusque
556 2593 723 2648 collectionis
748 2595 903 2662 diuersitas,
926 2597 999 2664 quod
1024 2599 1095 2665 apud
1114 2597 1307 2650 Putuchium

243 2709 337 2746 omnen
357 2691 385 2746 bi
404 2690 579 2754 inveniuntur
596 2695 719 2744 notarum
738 2689 851 2756 indices,
868 2689 962 2742 ullium
982 2696 1086 2744 tuntum
1099 2697 1226 2762 excepto;
1245 2708 1306 2746 cum

241 2787 505 2853 Gothosredns,
524 2786 571 2854 qui
591 2784 713 2840 ultimum
733 2783 804 2862 huuc
823 2784 953 2854 exhibuit,
970 2769 1101 2854 Noterum
1120 2804 1155 2840 ex
1171 2786 1305 2856 Papiae

242 2869 382 2934 Glossario
409 2886 437 2932 et
459 2884 591 2934 Notarum
614 2880 790 2945 juridicorum
809 2881 1032 2948 Explenatioirein
1055 2881 1189 2935 omiserit:
1215 2881 1306 2934 differt

239 2981 381 3042 praetereo
398 2974 442 3026 lric
460 2974 517 3028 illic
536 2975 564 3026 in
583 2974 769 3028 communibus
795 2957 903 3043 puoqne
926 2975 1068 3046 utriusque
1086 2976 1256 3030 collectionis
1270 2977 1305 3029 li-

211 3069 212 3076 ’
240 3070 319 3124 bellis
340 3087 357 3122 e
377 3059 593 3122 Gotlnolrediana
619 3069 735 3124 lectione
753 3069 928 3146 Putsclniuna.
963 3072 1036 3137 Ego,
1059 3071 1105 3124 ubi
1126 3071 1238 3124 dubium
1260 3086 1303 3124 mo

240 3164 329 3216 tenuit
347 3163 438 3238 lectio,
457 3167 615 3232 plerumque
635 3180 693 3214 earn
710 3152 857 3216 editionem
877 3171 987 3218 secutus
1005 3183 1073 3240 spru,
1089 3183 1162 3234 ‚quae
1175 3166 1304 3219 Fride-

241 3257 547 3324 rici'Tiliobrogae
571 3258 644 3310 curris
670 3274 739 3310 anno
764 3260 841 3325 1599.
863 3261 990 3325 Lugduni
1008 3262 1168 3314 Batavorum
1194 3259 1303 3328 prodiit,

238 3369 364 3423 quaeque
383 3354 421 3406 ita
439 3343 569 3420 iuscripta
587 3357 643 3404 est:
669 3352 805 3417 „Marci
823 3349 961 3408 valerii
978 3330 1084 3408 Prbbi
1102 3385 1118 3394 -
1136 3357 1203 3408 -de
1222 3353 1302 3406 Notis

237 3451 418 3504 Romanorum
437 3446 647 3518 interpretandis
665 3447 794 3502 Libellus.
829 3447 1033 3516 Magnonis,
1049 3448 1216 3514 Diaconi,
1229 3447 1303 3528 elio-

235 3563 348 3614 rumque
366 3521 499 3597 Notarnm
524 3546 653 3595 veterum·
673 3527 892 3608 explicetiones.''
928 3543 980 3596 Hic
999 3545 1068 3596 liber
1086 3545 1210 3609 eosdem,
1233 3559 1301 3610 quos
1332 3605 1338 3614 h

235 3643 299 3694 Put
310 3639 404 3692 schii
423 3635 557 3702 collectio,
575 3637 703 3702 siglsmm
721 3635 823 3690 indices
842 3637 1039 3706 complectitur.
1073 3639 1192 3694 Adhibui
1211 3644 1301 3692 temen

236 3733 317 3788 etium
336 3731 624 3784 Soranum-Valerii
642 3731 741 3784 Probi
759 3731 914 3800 editionem,
932 3749 1013 3800 quom
1031 3749 1102 3786 anno
1121 3735 1199 3794 uult.
1217 3747 1302 3787 cura-

234 3827 272 3898 vit¹
290 3825 457 3878 Henricus
476 3824 650 3891 Ernstius,
676 3842 810 3894 quamque
835 3826 864 3878 in
886 3826 972 3894 primo
991 3816 1126 3882 ‘l'lreseuri
1150 3828 1193 3880 sui
1211 3829 1299 3898 Temo

120 3971 124 3981 ,
233 3923 330 3974 iterum
349 3921 471 3974 exhibuit
487 3922 720 3984 Meermanus.
752 3922 879 3975 Ceterum
898 3921 926 3972 in
946 3921 1119 3974 conferendis
1137 3921 1300 3990 antiquiori-

233 4018 283 4068 bns
301 4015 342 4066 nis
361 4014 497 4082 opusculis
516 4014 743 4082 acquiescendum
762 4015 867 4082 putavi,
888 4031 922 4064 ne
942 4014 1094 4066 collationis
1114 4017 1190 4068 labor
1207 4015 1317 4068 inlini-v
