3048 4792
270 309 340 358 txtt
602 295 807 350 PRAEFATIO
827 293 994 350 bottonis

269 463 441 559 thoei⁸⁰3
474 473 612 570 quippe,
638 473 828 569 praemisso
854 489 997 541 numero
1023 457 1077 568 β’,
1106 489 1148 540 eo
1175 469 1330 562 sequitur

269 594 471 672 zenoniano
499 601 703 688 constitutio,
730 615 817 689 qnae
844 595 906 668 snb
933 595 1027 668 titulo
1055 596 1099 668 ds
1125 595 1329 692 monopoliis

270 725 307 794 in
325 723 532 802 editionibus
557 727 629 801 solo
650 723 783 815 legitur.
824 723 1107 798 Constitutionum
1129 727 1330 821 inscriptio-

271 875 350 947 nes,
377 879 459 953 qaas
486 852 598 926 codex
621 848 773 941 exhibet,
799 851 854 942 iis,
881 873 964 946 quus
988 851 1069 924 editi
1091 851 1168 922 libri
1190 849 1330 942 hebent,

271 983 440 1056 interdum
466 979 625 1051 videntur
649 999 729 1050 esse
746 978 1010 1051 emendatiores.
1055 978 1226 1075 Imprimis
1242 999 1329 1052 vero

272 1103 575 1202 subscriptionibus
602 1103 716 1177 codex
747 1115 914 1201 praestat3
947 1105 1068 1178 mulus
1101 1108 1190 1178 enim
1216 1105 1362 1194 offert*

270 1255 358 1327 quae
384 1234 419 1304 in
447 1231 547 1304 editis
573 1230 668 1304 libris
697 1231 950 1306 desiderantur:
979 1233 1138 1329 exemplo
1164 1232 1330 1328 praebent

271 1359 355 1432 tituli
373 1359 416 1432 de
434 1357 587 1454 periculo
600 1371 634 1432 et
646 1361 824 1433 commodo
841 1362 893 1432 rei
909 1360 1084 1451 venditae,
1104 1369 1138 1432 et
1156 1360 1199 1432 de
1216 1363 1329 1433 actio-

271 1487 370 1561 nibus
394 1487 495 1581 empti
515 1495 549 1557 et
566 1487 714 1575 venditi3
742 1509 862 1562 omnes
881 1490 971 1560 enim
990 1489 1248 1561 constitutiones
1267 1485 1329 1560 sub

271 1615 323 1687 his
346 1613 447 1686 titulis
471 1611 660 1686 collocatae
682 1616 717 1686 in
739 1622 858 1688 nostro
880 1613 968 1689 libro
990 1615 1218 1710 manuscripto
1241 1613 1329 1689 sub-

271 1738 509 1838 scriptionibus
521 1742 699 1837 praeditae
710 1751 797 1816 sunt.
832 1739 993 1816 Ceterum
1004 1763 1133 1839 paucos
1149 1741 1225 1816 illos
1244 1744 1329 1814 titu-

270 1871 336 1960 los,
364 1890 447 1964 quos
464 1880 500 1940 ut
517 1853 798 1965 percurreremus
817 1873 979 1965 temporis
1002 1874 1181 1964 angustiae
1204 1890 1329 1962 passae

270 2007 365 2087 sunt,
391 1998 512 2092 partim
540 1996 583 2068 od
611 2005 777 2089 quorum,
803 1998 923 2090 partim
949 1995 993 2066 ad
1020 1999 1182 2089 quintum,
1208 1991 1330 2087 partim

269 2124 313 2196 ad
345 2133 505 2198 octavum
536 2120 658 2192 librum
695 2125 869 2216 pertinere
900 2119 1140 2193 intelleximus.
1204 2119 1329 2192 Porri-

269 2261 394 2346 guntur
426 2253 516 2324 enim
548 2247 631 2321 folio
662 2248 785 2323 XLVl.
815 2259 849 2322 et
875 2248 999 2320 XLIX.
1032 2270 1052 2317 a
1085 2247 1188 2342 Legis
1215 2248 1249 2320 2.
1284 2247 1329 2320 de

270 2377 423 2476 periculo
458 2387 491 2450 et
524 2375 703 2450 commodo
735 2378 787 2448 rei
813 2375 974 2447 venditae
1002 2374 1084 2466 (lv,
1101 2375 1182 2469 48.)
1210 2375 1328 2450 verbis

267 2500 568 2601 pcrtineffleec
594 2503 637 2574 ad
664 2503 768 2594 Legis
794 2500 852 2571 ult.
881 2500 1138 2576 deuotionibus
1166 2507 1268 2599 empti
1295 2513 1330 2574 et
1381 2537 1395 2550 ·

269 2633 401 2706 venditi
413 2631 584 2722 (lV‚49.)
603 2629 713 2733 verba
731 2624 998 2722 experiendam
1014 2649 1095 2698 esse
1107 2651 1219 2724 per-3
1248 2628 1330 2701 folio

270 2760 399 2832 XXIX.
418 2770 452 2833 et
469 2757 633 2830 XXXIV.
658 2779 677 2827 a
700 2756 796 2852 hege
814 2755 848 2828 6.
873 2758 902 2831 'si
925 2757 1127 2852 mancipium
1153 2759 1199 2827 ita
1226 2754 1329 2828 inerit

270 2886 452 2958 alienatum
465 2885 548 2975 (lv,
562 2884 643 2977 57.)
662 2884 706 2955 ad
724 2879 828 2978 Legis
844 2907 901 2956 un.
921 2885 964 2957 de
981 2883 1141 2957 nundinis
1155 2884 1238 2974 (lv,
1246 2882 1327 2977 60.)

270 3095 362 3152 nent.''
398 3096 589 3148 Russardus
612 3096 683 3147 enim
705 3099 734 3146 et
753 3095 946 3149 Charondae
968 3111 1022 3148 non
1041 3096 1135 3146 deesse
1158 3093 1329 3146 constitutio·
1387 3115 1396 3130 =

272 3207 335 3243 nem
348 3187 474 3258 aliquam,
493 3191 541 3242 sed
554 3190 670 3243 Zenonis
684 3189 913 3257 constitutionem,
931 3189 1041 3258 quaein
1054 3187 1133 3241 editis
1146 3189 1220 3242 libris
1231 3189 1328 3242 Latine

193 3293 207 3348 g
271 3289 355 3352 extat,
373 3285 479 3338 Graece
498 3285 620 3338 emissam
640 3301 699 3338 esse
718 3285 881 3352 significant.

226 3409 230 3425 ι
346 3384 382 3422 ⁸⁰
402 3379 560 3434 Pithoeos
578 3381 607 3433 in
618 3381 856 3434 Observationibus
870 3379 926 3433 suis
941 3381 975 3432 ad
988 3380 1116 3435 Codicem
1133 3381 1328 3435 Iustinienenm

271 3477 352 3544 hujus
370 3478 410 3531 rei
422 3477 584 3530 mentionem
596 3475 717 3542 injicere·
736 3477 769 3528 ab
780 3478 958 3530 Heoboldo
977 3478 1089 3530 edoctus
1104 3493 1173 3530 sum.
1202 3476 1330 3530 scribunt

272 3579 364 3626 autem
382 3572 422 3624 illi
441 3573 585 3640 peg.373.:
605 3573 685 3637 „Sub
703 3571 755 3624 hoe
774 3571 814 3623 tit.
834 3572 867 3622 de
884 3573 1047 3640 Monopoliis
1064 3573 1093 3625 in
1110 3571 1196 3626 ueteri
1213 3572 1329 3639 quodem

272 3667 340 3720 libro
366 3665 523 3720 constitutio
548 3668 653 3720 Graece
676 3668 770 3719 deesse
796 3667 910 3732 dicitnr,
934 3684 1003 3735 quae
1029 3667 1099 3720 forte
1124 3673 1200 3720 extat
1224 3667 1270 3719 lib.
1281 3679 1328 3718 111.

273 3765 438 3830 Hcmceop.
457 3764 500 3817 tit.
510 3761 621 3816 ΜΗ
658 3761 737 3815 Comi.
756 3751 893 3815 Reizius
911 3764 945 3814 ad
956 3765 1196 3831 Hennenopulum‚
1214 3761 1329 3815 Lib.vr.

273 3857 329 3911 Tit.
341 3859 383 3912 14.
396 3856 422 3924 §.
435 3861 478 3910 12.
492 3863 549 3910 not.
560 3860 612 3925 lta,
629 3857 657 3908 in
675 3859 718 3910 lo.
730 3860 762 3910 L.
775 3859 806 3910 B.
821 3858 859 3909 de
871 3859 1036 3911 Meerman
1054 3861 1249 3927 supplemento
1258 3854 1330 3908 Novi

234 3979 238 3986 ·
272 3952 406 4006 Thesauri
424 3952 492 4005 luris
510 3953 595 4007 civilis
613 3959 641 4005 et
659 3953 790 4020 canonici,
809 3970 871 4022 pag.
881 3955 941 4007 353.
971 3955 1071 4007 Nostra
1088 3960 1178 4008 tannen
1197 3952 1330 4006 constitu-

273 4049 311 4100 tio
328 4050 361 4100 ab
380 4048 423 4116 iis,
441 4065 511 4116 quae
530 4051 600 4117 apud
615 4047 843 4118 Harmeuopnlum
857 4050 991 4116 leguntur,
1011 4049 1099 4102 alicua
1118 4065 1177 4100 esse
1196 4045 1310 4100 ridetur.
