3048 4792
471 257 605 312 PRIMAE
624 259 786 312 ΕΒΙΤΙΟΝΙ
805 261 1016 313 PRAEMISSA.
1233 269 1273 317 IX

213 432 304 524 eolo,
331 455 399 506 una
417 433 506 507 della
524 435 612 530 quali
636 459 698 531 par
716 436 812 509 fosse
831 437 910 506 d'un
928 436 1048 508 codiee
1067 431 1156 506 delle
1173 434 1271 506 Pau-

214 559 324 652 dette‚
366 563 409 634 ed
448 562 532 635 altra
565 562 763 657 d'un'opera
801 561 947 634 d'antieo
981 560 1269 650 Giurisoonsult03
1332 549 1335 560 ’

214 691 290 782 quai
314 690 425 762 codici
449 713 487 762 se
512 692 541 762 si
568 688 704 763 iussero
732 691 941 778 conseruati,
969 691 1084 760 niente
1111 691 1140 760 si
1166 689 1208 760 ha
1234 691 1270 760 in

212 814 257 884 tal
281 837 426 908 genere,
454 817 518 889 ohe
540 815 594 888 lor
617 817 645 888 si
668 825 808 910 potesse
830 811 1106 910 paragonare’'²‚
1134 815 1178 886 ad
1199 839 1270 888 no-

161 1032 163 1037 *
213 949 282 1012 stra
309 941 501 1036 fragmenta
528 943 728 1037 respexisse
756 951 898 1033 constat.
947 941 1068 1036 Neque
1095 951 1209 1014 tamen
1235 944 1270 1013 in
1353 1039 1355 1044 X

213 1054 255 1139 eo
284 1067 428 1142 substitit
453 1066 560 1142 Maii
566 1071 666 1140 eius.
726 1069 812 1142 Nam
839 1070 875 1140 in
902 1064 1079 1163 Opusculis
1107 1071 1176 1142 suis
1205 1093 1270 1140 ec·
1298 1061 1301 1068 ’

198 1192 443 1300 'elesiasticisss
468 1195 526 1268 ubi
545 1193 700 1267 codicum
719 1194 960 1294 capitularium
977 1195 1172 1273 thesaurum
1190 1195 1271 1267 diii-

211 1325 346 1414 gentius
370 1333 543 1414 recenset,
566 1327 709 1420 primum
728 1325 876 1420 quidem,
893 1347 971 1420 pag.
985 1322 1059 1414 61.‚
1086 1320 1185 1394 brevi
1207 1322 1271 1394 hae

212 1453 432 1524 annotatione
450 1451 642 1546 fragmenta
658 1463 775 1530 noema
794 1449 977 1546 signifieat:
1006 1447 1131 1543 „Certe
1153 1449 1270 1522 lacere

212 1575 255 1647 da
282 1599 328 1648 un
356 1578 477 1649 codiee
506 1578 594 1650 delle
622 1580 807 1670 Pandette‚
841 1602 862 1651 o
891 1578 1036 1650 d'antico
1065 1571 1271 1650 ¹Giuriscon-

212 1701 343 1791 sulto”;
377 1704 503 1780 deinde
529 1728 635 1795 vero,
663 1729 695 1801 p.
715 1707 789 1796 90.‚
821 1706 953 1802 plenius
982 1727 1024 1775 ea
1055 1705 1272 1799 persequitur
1359 1783 1368 1794 ⁵

210 1828 272 1897 ita:
307 1828 465 1922 „Legum
491 1834 618 1903 mentio
647 1831 838 1926 chartarum
864 1830 972 1904 frusta
1000 1828 1165 1924 quaedam
1191 1829 1271 1900 mihi

211 1957 250 2024 in
269 1958 468 2028 memoriam
491 1969 635 2030 revocat
657 1981 678 2029 a
700 1959 931 2047 vetustissimo
955 1955 1076 2028 codice
1098 1954 1179 2028 olim
1203 1951 1271 2028 de-

212 2085 300 2173 eise,
317 2086 364 2156 in
391 2108 457 2180 quo
484 2072 610 2181 antiqui
637 2079 872 2159 Iurisconsulti
898 2085 1131 2179 interpretatio
1158 2083 1271 2157 habe·
1319 2092 1334 2101 ”

211 2205 321 2301 batur,
349 2222 406 2283 aut
433 2213 669 2309 compendium
693 2212 862 2309 quoddam
885 2212 1061 2285 Iustiniani
1079 2213 1271 2285 Institutio-

212 2359 302 2409 num.
355 2341 452 2411 Haec
478 2339 605 2432 verba,
632 2340 727 2414 velut
754 2364 801 2413 ex
827 2340 957 2444 horreo¹
981 2341 1123 2412 incenso
1151 2363 1271 2434 mana,

212 2455 402 2562 aucupatus*
415 2489 499 2540 sum.
544 2467 637 2540 Libri
661 2461 768 2565 quarti
785 2469 852 2539 XV
871 2466 1000 2539 titulum
1022 2468 1132 2541 statim
1155 2489 1271 2560 agno-

181 2647 183 2654 ,
212 2595 324 2666 soes.”
371 2594 467 2680 Quae
485 2605 682 2690 sequuntur,
706 2595 888 2690 fragmenti
907 2593 950 2664 'de
967 2596 1272 2689 praescriptionum
1311 2671 1316 2680 ,

213 2727 247 2790 et
272 2719 529 2789 interdictorum
551 2723 629 2812 jure
656 2723 737 2792 satis
765 2717 908 2811 amplam
935 2726 1078 2809 partem,
1105 2741 1125 2786 a
1152 2719 1271 2792 verbis

213 2839 409 2937 Superest,
426 2848 473 2912 ot
488 2840 533 2912 de
549 2839 756 2914 interdictis
771 2835 1022 2935 dispiciemus,
1045 2857 1132 2934 qua'e
1148 2844 1268 2938 pagi.

111 3004 115 3013 f
211 2981 304 3044 vers
323 2971 379 3042 19
398 2959 570 3063 leguntur,
588 2991 696 3063 usque
714 2968 757 3038 ad
774 2965 883 3041 verba
901 2987 1067 3063 quorum
1079 2965 1272 3060 bonerum,

212 3119 298 3192 quae
329 3120 406 3192 pag.
427 3095 461 3167 2.
489 3117 582 3169 vers
603 3095 662 3166 22.
692 3098 924 3184 continentur,
959 3093 1130 3166 exhibent
1189 3097 1273 3170 Post

106 3247 107 3250 ’
213 3247 299 3320 quae
326 3226 371 3296 ita
398 3226 511 3320 pergit
537 3222 753 3296 Mafieius:
789 3223 856 3316 „ln
881 3196 1015 3317 pagella
1042 3221 1164 3294 altera:
1196 3244 1272 3296 en-

215 3485 219 3493 1
277 3457 300 3492 2
335 3455 442 3506 Verona
466 3452 609 3504 illustrate.
645 3453 726 3504 Parte
751 3455 835 3502 terzo.
878 3451 992 3502 Verona.
1019 3450 1097 3504 1732.
1116 3452 1142 3504 8.
1164 3469 1225 3522 cap.
1245 3457 1271 3510 7.

210 3563 272 3614 pag.
291 3547 352 3602 464.
1143 3535 1147 3547 ’

286 3645 300 3681 ³
329 3642 424 3694 {storia
444 3641 594 3708 Teologica
620 3643 690 3693 ‹leiie
716 3639 833 3692 dottrine
851 3625 870 3690 c'
887 3639 957 3692 delle
984 3639 1105 3708 opinioni
1127 3658 1203 3694 corae
1228 3644 1270 3696 ne'

212 3735 410 3804 uimque-primi
435 3737 519 3789 secoli
542 3739 614 3789 detta
631 3736 732 3788 Chiesa
755 3735 786 3786 in
807 3734 945 3804 proposito
964 3737 1036 3788 delta
1053 3736 1143 3790 divina
1162 3738 1271 3806 Grauia,

214 3832 258 3882 det
279 3831 365 3883 libero
383 3832 508 3898 arbitrio,
533 3847 548 3884 e
569 3833 639 3883 delia
657 3831 904 3883 Predestinazione.
941 3830 970 3884 Si
989 3831 1162 3898 aggiungono
1181 3833 1271 3886 alcuni

212 3928 342 3996 opuscoti
360 3927 545 3980 Ecclesiastici
566 3924 715 3979 deit'Autor
731 3925 876 3979 medesimo
895 3941 946 3978 con
965 3925 1120 3994 imponenti
1138 3913 1270 3981 Anecdoti

145 4037 148 4047 ’
197 4003 241 4074 xin
260 4025 412 4076 membrana
432 4022 614 4075 antichissima
633 4021 775 4074 rintenuti.
813 4023 924 4074 Tranio.
946 4018 1023 4076 1742.
1042 4021 1089 4074 fol.
