3048 4792
295 319 369 368 Lxx
721 301 926 356 PRAEFATIO

300 507 391 567 orus
408 503 590 554 novensvs
614 501 765 552 sororvs
785 497 975 550 rnnnroms
998 499 1262 549 mrnnsscnnrrs
1287 497 1359 548 oo-

302 633 354 682 ms
373 630 487 680 riori
505 629 637 680 sssnrr
655 626 803 678 ruvico·
822 627 858 676 er
873 629 943 676 nor
957 625 1235 680 nnsrrrvnuron.

403 735 498 808 Haeo
525 735 569 810 de
596 733 760 830 peoudiari
785 755 901 804 novae
930 731 1088 806 editionis
1110 734 1261 806 instituto
1285 729 1361 804 dis,-

301 865 403 938 serui.
443 863 514 936 lem
538 860 705 956 quaedem
728 859 772 930 ad
795 867 971 953 utramque
995 859 1181 934 editionem
1197 867 1362 958 specten-

302 992 347 1061 tio
374 986 589 1062 admonenda
616 983 738 1058 habeo.
791 983 848 1056 Ae
880 986 1023 1080 primum
1049 988 1185 1082 qrridom
1211 985 1302 1082 quod
1328 987 1363 1057 in

300 1115 517 1211 praefatione
540 1115 670 1208 primae
695 1111 853 1184 editionis
881 1110 966 1202 dixi,
993 1115 1028 1183 in
1056 1115 1176 1186 oodioe
1200 1112 1363 1186 initialem

303 1243 466 1336 cujusque
492 1231 638 1336 pugione
664 1238 810 1310 litteram
841 1238 981 1334 reliquie
1009 1259 1089 1314 esse
1116 1243 1297 1332 mojorem,
1329 1239 1364 1310 id

302 1367 349 1440 ihi
377 1366 591 1472 significasse
618 1369 700 1444 satis
726 1364 837 1437 hebui.
882 1366 1001 1462 Itaque
1028 1364 1136 1440 siouhi
1158 1367 1195 1438 in
1217 1375 1365 1438 anneta·-

304 1493 452 1569 tionibus
480 1495 660 1568 exordium
691 1495 838 1591 paginae
866 1493 1007 1587 elionjus
1035 1490 1264 1569 exhibendum
1290 1491 1365 1582 init,

304 1622 447 1717 primam
464 1621 609 1700 litteram
626 1646 647 1693 a
664 1621 802 1717 reliquis
819 1620 1020 1716 plerumque
1040 1620 1273 1715 magnitudine
1294 1641 1365 1694 noo

306 1749 455 1823 distinxi.
508 1749 646 1824 Deinde
671 1748 780 1844 sigito,
807 1767 896 1843 quae
922 1757 991 1818 tum
1017 1749 1057 1854 in
1080 1747 1365 1836 metationibus,

305 1889 374 1952 toro
396 1882 432 1953 in
448 1881 564 1954 indiee
580 1879 742 1974 sigiorurn
765 1876 997 1964 iuvenentur,
1021 1874 1222 1971 frequenter
1241 1878 1277 1948 in
1299 1875 1366 1946 ime

305 2007 492 2080 litterarum
518 2015 615 2101 parte
642 2015 766 2102 puncta
793 2001 948 2096 adjunoto
975 2013 1064 2074 sont.
1112 2003 1211 2090 Quod
1237 2003 1366 2077 cedas

306 2137 496 2229 scripturae
521 2153 592 2206 oen
615 2134 731 2226 otique
753 2133 932 2206 eonvenit:
953 2129 1116 2205 librarius
1134 2133 1225 2204 enim
1242 2140 1367 2228 ponem

306 2259 363 2330 tito
390 2259 466 2333 iere
492 2281 563 2332 non
589 2261 623 2330 in
649 2261 736 2348 ima,
769 2259 832 2333 sed
858 2262 895 2331 in
918 2259 1031 2336 modia
1058 2259 1251 2335 litterarm·
1270 2268 1367 2356 ponte

307 2389 430 2482 posuit.
474 2387 584 2494 lfforro
602 2409 821 2461 numerorum
838 2385 956 2490 siglas,
983 2409 1060 2460 eom
1085 2391 1121 2459 in
1146 2386 1271 2480 vulgus
1297 2407 1368 2461 no·

308 2523 364 2586 tae
391 2515 469 2606 sint,
496 2516 533 2586 in
558 2514 893 2610 indioemssiglorum
920 2519 1083 2610 recipere,
1106 2513 1223 2585 nmtiie
1244 2516 1367 2587 vieorm

308 2641 372 2716 Est
397 2651 510 2719 tamen
538 2643 581 2715 de
607 2645 651 2716 iis
677 2663 812 2737 quoque
840 2641 1025 2725 dicundum
1049 2638 1184 2733 aliquid.
1236 2641 1277 2714 ln
1302 2663 1369 2712 oo>

310 2770 386 2844 dine
405 2773 495 2844 enim
513 2791 617 2867 super
639 2770 812 2866 plerisque
834 2779 1034 2842 transverse
1051 2765 1175 2840 tineotn
1193 2765 1369 2862 conspici-

202 2891 207 2899 ’
308 2907 373 2969 tur.
427 2897 528 2970 Vnde
555 2906 649 2993 putet
674 2897 820 2994 aiiqrna·
844 2917 1040 2986 nouorum,
1073 2916 1173 2989 quem
1206 2895 1368 2988 ejusmodi

310 3023 396 3118 sigla
422 3025 495 3118 ipsa
521 3044 585 3120 per
610 3047 650 3097 se
677 3024 859 3119 significet,
885 3033 1026 3120 propter
1042 3021 1294 3117 superadditam
1319 3022 1368 3094 n·-

310 3149 445 3223 neolam
477 3153 523 3222 ita
549 3151 761 3248 multiplicari
787 3151 937 3243 dehere,
970 3158 1007 3223 ut
1032 3148 1131 3222 verbi
1158 3173 1279 3240 cansa,
1311 3149 1368 3221 ubi

309 3275 467 3376 librarius
491 3253 667 3374 scripserit
684 3282 716 3349 o·
733 3301 803 3351 non
827 3284 973 3349 cordam
996 3277 1164 3372 legamus,
1192 3279 1254 3352 sed
1277 3295 1369 3350 eea-

310 3411 388 3476 tatm
411 3402 523 3494 mitio,
550 3405 609 3479 vel
636 3403 774 3478 centies
795 3401 926 3516 midam.
971 3405 1021 3476 At
1046 3405 1134 3476 hano
1159 3407 1370 3501 interpreta-
1397 3433 1401 3441 ·

310 3534 450 3622 tionem,
478 3555 577 3628 qnam
593 3536 629 3606 in
646 3531 720 3607 aliis
736 3512 943 3606 membranis
961 3529 1114 3605 adhiberi
1137 3531 1218 3603 nihii
1241 3553 1370 3624 moror,

310 3668 451 3732 nostrae
478 3671 653 3736 recusant:
687 3683 764 3732 narn
791 3675 911 3735 omnes
939 3659 1015 3732 fere
1041 3659 1127 3749 loci,
1154 3657 1211 3731 obi
1239 3663 1370 3734 numeri

312 3784 451 3880 alicujus
478 3797 558 3861 nota
585 3790 893 3885 superimpositam«
903 3788 1063 3861 lineolam
1086 3785 1218 3860 habere
1239 3788 1370 3886 depre-

389 3976 423 4012 10
451 3971 530 4025 Cons.
553 3971 718 4026 Pntsclrii
742 3948 939 4026 Grammaticos
963 3973 1077 4026 Latinae
1103 3977 1235 4026 Anotores
1260 3973 1372 4042 antiqui.

313 4076 372 4131 prag.
386 4065 461 4129 loeo.
