3048 4792
564 294 699 348 rnnunu
719 293 911 348 currimns
1197 371 1204 376 .
1242 315 1267 367 v

205 469 295 565 quod
323 469 461 544 saeculo
475 472 647 566 ,proximo
674 492 737 565 per
760 473 1148 573 nniversamEuropam
1167 489 1265 554 mar-

203 584 393 707 cescebat,
413 626 551 688 strenue
578 617 823 705 instaurarent3
856 639 926 688 non
954 617 1146 715 dubitastis,
1179 647 1264 722 quae

205 761 330 853 Vestra
349 770 402 833 est
420 763 522 832 animi
545 759 755 853 magnitudo,
782 761 867 832 viris
886 767 1071 853 extraneis,
1099 790 1182 862 quos
1199 795 1263 846 nos
1366 832 1368 836 .

204 903 313 976 Vobis
338 904 715 996 commendaveramus,
743 905 875 1000 copiam
900 905 1018 980 iacere
1042 911 1165 982 scrinia
1183 914 1263 987 Ve-

200 1059 273 1120 stra
301 1049 467 1139 adeundi,
496 1049 651 1121 codicem
678 1050 714 1120 in
741 1046 827 1121 orbe
853 1059 1020 1122 terrarum
1046 1054 1099 1125 sui
1125 1061 1262 1146 generis

201 1188 337 1265 unicum
364 1194 519 1266 manibus
547 1194 730 1285 tractandi,
759 1204 793 1266 et
820 1189 982 1290 eousque
998 1196 1045 1268 ilii
1071 1197 1263 1289 insudandi,

200 1337 313 1410 donec
340 1341 453 1410 omnia
481 1362 568 1434 quae
597 1341 758 1436 temporis
790 1341 912 1432 injuria
943 1364 1013 1414 non
1045 1342 1146 1438 plane
1172 1365 1263 1416 eva-

200 1484 347 1574 nuerint,
375 1485 410 1554 in
437 1484 572 1558 chartas
600 1509 679 1560 snas
706 1483 1021 1559 indecenierre'nt
1068 1487 1143 1574 Qua
1164 1489 1200 1560 in
1223 1511 1263 1562 re

197 1625 314 1720 officia
352 1639 453 1724 atque
490 1630 703 1704 indefessum
741 1628 888 1732 studium
911 1629 1262 1727 ‘benevolentiamque

200 1771 317 1843 Vestri
336 1772 602 1864 Bibliothecarii,
630 1776 704 1846 Viri
726 1778 1012 1850 reverendissimi
1040 1787 1074 1848 et
1099 1777 1260 1850 illustris·-

200 1917 287 2004 simi,
312 1914 563 1988 Bartholomaei
584 1914 724 1990 Comitis
745 1910 956 2006 Goaiteoo,
984 1920 1039 2013 ‘qui
1056 1941 1120 1992 nos
1140 1941 1259 1992 omnes
1341 1960 1350 1969 ·

198 2082 242 2131 eo
260 2081 403 2131 munere
421 2059 485 2134 sibi
505 2061 672 2152 devinxit,
699 2064 902 2155 gratissime
914 2065 1078 2135 memoria
1101 2063 1259 2136 recolere

101 2185 104 2191 ’
197 2203 318 2276 solent.
365 2205 545 2278 Postremo
572 2206 813 2280 humanissime
842 2230 903 2281 eos
930 2207 1101 2282 dimisistis
1121 2211 1258 2282 animo·
1335 2264 1343 2268 -

197 2373 263 2444 que
290 2351 496 2445 aequissimo
522 2362 568 2436 ¹et,
584 2350 830 2446 benignissimo
850 2355 1082 2443 concessistis,
1108 2362 1145 2422 ut
1167 2376 1257 2450 apo-

196 2480 363 2591 graphum
386 2493 466 2565 illud
485 2519 568 2569 auro
586 2471 799 2592 gemmisque
816 2497 1104 2593 aequiparandum
1123 2499 1258 2572 domum

195 2649 412 2734 asportarent
437 2638 589 2728 uberiori
616 2641 671 2713 hic
698 2643 780 2713 otio·
794 2639 1053 2736 perpoliendum
1081 2653 1133 2733 et,
1167 2644 1257 2738 quod

185 2783 260 2872 ,jam
286 2790 462 2876 peractum
488 2783 632 2870 videtiS,
666 2805 742 2852 cnm
775 2781 860 2853 orbe
894 2783 1027 2856 erudito
1061 2786 1255 2856 communi·-

194 2924 351 2995 eandum.

297 3068 415 3162 ltaque
442 3067 570 3160 Vobis,
599 3070 673 3140 Viri
702 3013 849 3162 Summi,
876 3072 911 3143 id
937 3083 1112 3168 acceptum
1140 3072 1253 3148 debe-

193 3225 259 3306 tur,
287 3213 378 3308 qurod
402 3210 476 3325 Gaji
500 3235 585 3309 opus
612 3213 705 3306 illud,
734 3239 780 3286 ex
808 3239 873 3311 quo
896 3193 965 3308 jam
992 3217 1083 3309 olim,
1112 3220 1252 3311 vigente
1281 3207 1286 3232 ¹

192 3360 349 3432 Romano
376 3359 532 3452 imperio,
560 3357 794 3432 a'doetoribus
814 3359 982 3432 elementa
1000 3361 1087 3434 Iuris
1105 3362 1251 3435 Romani

132 3465 134 3469 y
192 3501 430 3592 tradebantur,
462 3511 638 3597 postquam
664 3526 727 3599 per
754 3512 803 3574 tot
830 3503 966 3576 saecula
995 3528 1014 3576 e
1041 3528 1156 3578 rerum
1182 3531 1250 3580 na-

146 3729 150 3738 ,
193 3657 267 3718 tura
295 3645 443 3718 deletum
471 3647 636 3718 creditmn
664 3657 734 3738 est,
767 3669 858 3721 nunc
886 3647 997 3721 denuo
1026 3649 1137 3721 eidem
1163 3674 1250 3745 gra-

191 3756 353 3864 vissimae
381 3793 543 3864 scientiae
570 3791 756 3886 tradendae
781 3793 817 3862 in
841 3794 966 3865 nostris
995 3793 1095 3863 etiam
1122 3767 1251 3870 scholis

192 3937 344 4008 inservit.
399 3936 527 4009 Vestro
554 3937 675 4007 merito
705 3934 848 4008 debetur
873 3939 1067 4028 inventum,
1100 3941 1194 4035 quod
1215 3944 1250 4012 in

190 4079 344 4150 maximis
376 4079 456 4151 inde
489 4079 530 4150 ab
558 4082 802 4154 instauratione
828 4081 1013 4161 litterarum
1042 4091 1093 4156 est
1119 4105 1246 4156 nume-
