3048 4792
307 323 426 374 xxxtv
465 272 469 282 ²
634 309 838 364 PRAEFATIO
856 307 1027 364 uutuottts

238 461 241 472 ’
311 487 542 560 commentarii
570 495 670 582 caput
695 505 766 558 non
793 493 865 574 ost,
897 496 933 558 ut
959 489 994 558 in
1021 485 1236 560 iustiniancis
1264 485 1372 557 insti-

311 613 505 702 tutionibus,
531 611 702 684 demodis
721 610 893 686 tollendae
911 611 1140 704 obligationis,
1168 611 1231 684 sed
1250 610 1294 682 de
1312 614 1389 682 in-'

307 743 421 834 juriis3
448 742 556 810 itaut
583 746 652 810 tota
679 737 736 810 itta
763 739 942 835 disputatio
970 738 1014 812 do
1037 735 1298 832 obligationibus
1326 759 1373 810 ex

312 867 450 954 delicto,
478 885 577 960 quarn
601 865 882 939 Iustiniancarurn
905 867 1153 943 Institutionum
1180 866 1372 938 concinnu-

312 1005 406 1066 tores
433 995 468 1064 in
496 993 604 1085 quarti
631 990 706 1062 libri
729 995 894 1088 principio
918 1003 1117 1088 posuerunt,
1144 989 1233 1086 apud
1253 988 1373 1082 Gajum
1402 997 1409 1006 “

311 1122 402 1192 tertii
430 1117 662 1192 commentarii
695 1117 814 1194 finibus
842 1119 1166 1214 comprehendatur:
1200 1119 1294 1210 cujus
1321 1119 1373 1190 roi

314 1245 415 1319 iudom
431 1221 519 1316 ‘facit
530 1248 654 1340 pagina
669 1245 766 1334 187,
794 1245 850 1317 ubi
878 1257 955 1348 post
982 1245 1171 1320 absolutum
1196 1244 1373 1318 articulum

210 1411 214 1418 ‚
315 1356 371 1445 do
385 1371 514 1465 iniuriis
539 1368 767 1466 baccadjooit
783 1371 957 1446 librarius:
986 1370 1036 1443 tit
1051 1374 1088 1446 η’]
1104 1369 1233 1467 emptio
1250 1371 1371 1463 (Ocni.
1389 1417 1395 1422 -

216 1533 218 1538 ·
314 1522 416 1594 supra
442 1502 654 1594 pagnino).
710 1499 842 1572 claudit
867 1502 972 1593 igitur
996 1501 1129 1572 tortium
1156 1509 1372 1580 commenta-

313 1628 399 1696 rium
425 1629 548 1721 pagina
563 1626 646 1697 187.
698 1625 855 1722 Soqttons
883 1637 994 1700 autent
1020 1629 1144 1722 pagina
1171 1649 1280 1714 uacua
1307 1636 1370 1699 ost.

312 1753 407 1847 Ergo
426 1777 445 1826 a
463 1755 587 1850 pagina
601 1753 684 1828 189.
697 1764 835 1850 quartus
853 1731 1114 1832 cominentarius
1132 1756 1282 1850 incipiat,
1302 1777 1373 1826 ns-

311 1906 413 1954 cesso
439 1861 508 1955 cst:
535 1885 661 1973 inquo
686 1881 729 1952 do
753 1905 797 1954 co
819 1886 897 1973 juro
919 1886 1042 1975 agitur,
1070 1883 1160 1974 quod
1186 1881 1231 1950 ad
1258 1884 1372 1950 actio-

312 2028 389 2080 nos.
408 2003 572 2098 pertinen
606 2026 772 2096 quemquo
805 2027 882 2097 pag.
903 2005 987 2074 176.
1011 1990 1106 2076 vers.
1128 2004 1160 2072 1.
1186 1999 1373 2097 sequanicis

312 2129 481 2202 vocabulo
510 2127 614 2222 Gaju's
641 2105 868 2227 domonstrat.=
883 2135 887 2169 '·
906 2129 1051 2200 Tantum
1080 2127 1123 2200 do
1149 2126 1253 2202 libris.
1298 2129 1370 2204 seo

210 2289 212 2294 .
313 2253 522 2348 singulorum
550 2277 694 2351 quoquo¹
709 2231 926 2328 articulorurn
949 2253 1194 2346 distinctiones,
1209 2280 1308 2351 ,quiae
1335 2260 1371 2328 in

313 2381 435 2457 codice
460 2383 691 2474 inveniuntur,
719 2381 872 2456 rubricas
890 2392 968 2476 puta
987 2391 1024 2452 ct
1038 2370 1126 2476 quac
1143 2395 1219 2470 sunt
1241 2385 1277 2456 id
1298 2407 1370 2478 ge-

312 2531 386 2583 nus,
404 2508 481 2610 alia,
509 2513 579 2584 suis
594 2535 762 2613 -quaequo
787 2510 873 2584 locis
893 2507 1106 2605 significavi:
1135 2513 1171 2585 in
1197 2533 1262 2605 quo
1289 2499 1370 2584 iilud

312 2616 562 2732 adrrtonsndunr¹
589 2621 659 2726 ost,
686 2613 917 2732 prominontos
944 2637 1072 2709 codicis
1100 2659 1224 2726 vorsus
1250 2617 1294 2708 in
1311 2641 1372 2710 in-

310 2768 444 2838 tcrioro-
463 2767 620 2858 margins
647 2760 799 2860 repetitis
816 2764 936 2837 titteris
955 2763 1148 2854 initialibus,
1175 2787 1285 2848 ,vacua
1303 2786 1371 2844 au-

310 2903 379 2964 tent
402 2892 557 2991 spatiola,
585 2892 704 2986 qubus
732 2869 909 2987 aliquando
936 2895 1025 2964 inter
1052 2915 1091 2966 se
1119 2895 1273 2986 separari
1300 2891 1371 2964 dixi

311 3013 409 3093 unius
438 3019 656 3114 ejusdemque
685 3041 807 3091 uersus
835 3001 1007 3106 articulos,
1025 3021 1070 3088 ‘in
1097 3017 1371 3092 annotationibus

311 3151 366 3216 me
393 3145 576 3218 indissona·
621 3146 717 3250 Quas
745 3155 858 3220 tamon
872 3135 1119 3218 'distinctiones'
1146 3143 1236 3214 nulla
1264 3144 1370 3216 solida

311 3276 457 3348 rationo
476 3271 535 3346 nin
568 3273 737 3347 uidentur.
798 3272 902 3344 Velut
934 3293 1010 3366 pag.
1031 3271 1065 3359 3.
1094 3293 1187 3345 nors.
1209 3269 1279 3360 16,
1312 3269 1369 3342 ubi
1430 3245 1434 3254 ¹

246 3492 252 3498 ἱ
313 3397 423 3476 obiter
455 3395 665 3496 peregrinos
693 3389 870 3476 dediticios
903 3401 1008 3492 tangit
1035 3396 1155 3489 Gajus,
1188 3396 1379 3492 peculiaris.

311 3526 533 3622 praemittitur
559 3526 711 3621 rubrica:
747 3527 828 3618 „De
855 3525 1055 3627 peregrinis·
1075 3515 1276 3611 dediticiis.''
1330 3523 1369 3597 ln

311 3658 521 3728 universum.
538 3664 650 3726 autom
676 3657 711 3725 in
735 3642 853 3748 prioris
873 3654 1010 3748 paginis
1034 3651 1118 3724 tdtra
1142 3653 1279 3723 tnodum
1302 3675 1378 3724 cu-.

311 3766 452 3854 rnttlatas
477 3774 648 3853 cernimus
675 3779 846 3869 rubrious3
873 3803 950 3852 oum
977 3784 1012 3851 in
1033 3775 1113 3852 aliis
1135 3781 1256 3874 operis
1283 3780 1389 3872 par--

312 3905 417 3996 tibus,
457 3907 513 3979 ubi
545 3907 603 3981 vol
636 3903 797 3979 inaximo.
816 3911 1013 3980 neccssaria
1048 3917 1121 3982 orat
1153 3905 1370 3979 articulorum

311 4032 496 4124 distinctio,
530 4033 619 4106 nulla
654 4037 791 4130 ornnino
825 4019 1015 4128 rsporiatur
1048 4031 1204 4104 adhibita.
1265 4030 1371 4124 Cujus
