3048 4792
628 1007 984 1098 PRAEFATIO

540 1171 792 1252 SECVNDAE
819 1173 1068 1256 EDITIONYS.

702 1389 903 1402 -α-οι-μ-

277 1519 416 1642 Tanto
444 1569 762 1664 cognoscendarum
780 1571 854 1666 Gaji
872 1573 1121 1648 Institutionum
1148 1576 1238 1673 apud
1263 1575 1333 1652 ho·

275 1704 384 1774 mines
404 1700 524 1774 doetus
541 1698 663 1793 cupido
687 1697 761 1789 fuit
787 1707 824 1771 u't
846 1723 940 1792 mox,
968 1726 1044 1777 oum
1066 1703 1154 1777 iiber
1170 1705 1334 1800 inlunem

273 1829 425 1925 prolatus
445 1835 550 1930 esset,
576 1824 759 1924 bibliopola
776 1830 958 1903 certiorem
975 1855 1031 1916 me
1049 1832 1193 1924 faceret,
1221 1835 1334 1908 omnia

275 1954 433 2050 exempla
461 1954 634 2026 divendita
661 1977 740 2027 esse
767 1978 959 2052 novamque
987 1959 1172 2030 editionem
1191 1959 1334 2040 deside-

276 2086 354 2155 rari.
390 2080 452 2155 Cui
471 2081 643 2154 desiderio
661 2106 706 2154 ne
725 2085 835 2155 statim
853 2084 1102 2178 satisfacerem,
1121 2095 1216 2182 grata
1234 2070 1334 2182 atque

276 2217 438 2305 exoptata
465 2233 568 2283 eausa
594 2209 656 2282 fuit
682 2211 786 2301 haee,
814 2211 904 2306 quod
931 2212 1173 2287 Friderious
1200 2214 1334 2286 Bluh-

275 2340 397 2428 mius‚
421 2346 490 2408 tum
508 2337 637 2410 ltaliam
655 2336 884 2433 profecturus,
904 2339 1031 2412 codicis
1045 2341 1257 2416 Veronensis
1274 2341 1333 2412 lo-

275 2488 337 2539 eos
362 2464 482 2538 dubios
500 2465 559 2538 uel
578 2467 805 2538 omnino-nou
825 2466 1012 2562 explicatos
1037 2467 1151 2566 denuo
1174 2475 1333 2540 accurate

275 2595 490 2690 inspioiendi,
505 2593 681 2668 eonsilium
709 2596 809 2688 oepit
846 2593 989 2665 Etenim
1009 2595 1243 2688 expectandus
1262 2605 1335 2666 erat

274 2747 389 2798 novae
413 2723 508 2816 hujus
528 2741 655 2816 operae
678 2723 713 2792 in
733 2719 806 2814 Gaji
825 2721 979 2793 codicem
999 2719 1233 2792 conferendae
1256 2719 1335 2791 fru-

276 2859 359 2922 etus.
406 2849 470 2934 Qui
489 2849 516 2920 si
535 2847 689 2922 ubertate
706 2860 787 2922 vota
805 2871 876 2921 non
894 2851 1053 2944 aequavit
1072 2889 1116 2898 —
1136 2845 1226 2918 haud
1243 2871 1333 2944 pau-

275 2997 339 3048 cae
363 2976 453 3058 enim
477 2985 658 3070 supersunt
680 2968 826 3071 paginae
849 2979 1022 3069 integrae,
1047 2973 1209 3070 equibus
1233 2979 1334 3047 etiam

274 3125 366 3173 nuno
382 3100 441 3174 vel
457 3102 540 3174 nihil
558 3103 770 3198 exsculptum
787 3102 964 3193 habemus,
982 3102 1040 3176 vel
1058 3102 1189 3196 singula
1207 3111 1334 3174 tanturn

275 3225 415 3302 verba¹''
430 3271 473 3279 —
488 3252 558 3302 non
570 3229 781 3302 Bluhmius
801 3230 992 3328 culpandus
1004 3203 1068 3321 esti
1087 3231 1150 3302 Vir
1169 3231 1335 3320 doctrina,

275 3360 480 3459 sagacitate,
512 3357 678 3430 industria
699 3359 870 3451 insignio,
903 3363 938 3432 in
969 3359 1126 3453 legendis
1158 3355 1335 3432 veteribus

275 3485 481 3558 membranis
511 3487 731 3574 exercitatus,
759 3474 814 3579 qui
842 3489 1007 3584 separatis
1034 3485 1243 3582 temporibus
1268 3507 1335 3556 eo-

276 3613 387 3685 dieem
414 3621 566 3685 nostrum
593 3613 714 3684 iterum
732 3621 831 3706 atque
848 3615 970 3685 iterum
988 3616 1162 3701 tractavit3
1191 3611 1253 3688 sed
1271 3635 1335 3684 ao-

276 3740 427 3812 ousanda
452 3743 525 3835 ipsa
552 3738 679 3812 codicis
708 3740 874 3812 condicio.
915 3743 970 3812 De
998 3763 1063 3836 qua
1084 3745 1154 3834 jam
1182 3743 1232 3812 sio
1259 3749 1335 3812 sta·
1467 3769 1477 3780 =

347 3941 392 4010 [ra
421 3943 534 3994 Restant
555 3941 670 4008 paginae
696 3941 779 3993 ferme
801 3951 908 4007 xxxv,
933 3941 962 3992 in
986 3941 1082 4009 quibus
1111 3942 1184 3996 docti
1207 3940 1267 3992 Itali
1294 3940 1336 3992 in-

276 4037 403 4090 dustriam
422 4042 450 4088 et
468 4036 604 4101 ingenium
624 4052 683 4088 cum
703 4051 800 4099 magno
820 4034 968 4086 litterarum
988 4035 1128 4086 commone
1148 4033 1315 4116 exerceant]
