3048 4792
473 300 607 352 Palmum
626 297 790 352 EDITIONI
807 297 1017 352 PRAEMISSA.
1144 343 1148 354 .
1244 309 1283 356 III

221 477 371 550 ctissimo
396 475 582 548 Antonio
607 473 777 546 Masctti
804 437 1037 566 recognitus⁵3
1066 479 1100 546 in
1123 497 1166 548 ec
1192 477 1282 548 crrim

222 603 266 676 de
291 604 415 678 codice
442 612 561 676 nostro
588 603 678 672 inter
705 600 769 674 alia
801 601 960 694 leguntur
991 583 1093 672 haec:
1128 600 1280 694 „Multae

187 727 191 732 ’
222 753 269 804 ex
290 730 417 802 wchartis
442 729 597 834 codicem
621 727 721 800 alium
745 731 1007 801 constituerant:
1034 727 1147 802 dilutis
1170 733 1280 824 siqui-

81 832 110 898 ‘,
222 857 301 930 dem
328 855 555 934 anterioribus
587 855 694 928 literIs
720 877 763 928 ac
789 854 929 946 deletis,
958 877 1049 950 quac
1080 879 1171 928 nunc
1197 877 1281 928 cer·-

222 993 346 1056 nuntur
373 983 636 1077 superinductae
659 993 749 1072 suut,
777 982 867 1077 quod
891 992 925 1056 et
951 985 988 1052 in
1009 981 1083 1056 aliis
1107 980 1281 1054 codicibus

222 1111 447 1184 animadverti
473 1110 620 1205 pluries,
647 1113 777 1204 primas
805 1113 993 1206 scripturae
1020 1111 1100 1196 satia
1128 1133 1167 1184 sc
1193 1131 1281 1205 pro-

222 1237 326 1310 dente
347 1239 512 1331 vestigia
535 1259 578 1311 ac
595 1240 623 1312 si
642 1238 822 1330 antipsltus
845 1237 933 1310 adeo
955 1235 1192 1332 infrequentes
1215 1259 1282 1309 oc-

146 1341 150 1348 *
222 1374 405 1448 currerent
429 1367 556 1438 ovinae
582 1363 703 1460 palles,
728 1373 766 1436 ut
792 1366 857 1438 nisi
882 1363 1022 1438 alterius
1049 1367 1186 1438 interitu
1212 1385 1283 1438 uc»-

222 1515 288 1566 vus
304 1491 402 1564 ‚liber
427 1495 512 1566 oriri
539 1513 609 1566 non
634 1487 810 1588 posset’'⁶.
857 1491 986 1587 laque,
1012 1492 1169 1565 codicem
1184 1493 1281 1566 XIII.

221 1623 425 1715 rescriptum
452 1641 552 1710 esse,
585 1643 699 1714 neque
725 1618 925 1692 Malleius
952 1621 1142 1712 ignoravit,
1169 1643 1282 1716 neque

223 1749 464 1836 mascusius,
498 1759 697 1847 quamquam
729 1747 817 1820 hanc
844 1749 995 1818 notitiam
1020 1750 1112 1842 typis
1139 1747 1283 1840 vulgare

224 1873 494 1970 supersederunt
516 1871 636 1960 ambc;
665 1871 763 1966 quale
786 1881 898 1944 autem
917 1881 1010 1945 essct
1033 1872 1168 1946 deletae
1190 1876 1283 1948 scri-

223 2010 343 2098 pturae
370 2007 620 2092 argumentum,
647 1999 682 2070 id
707 1997 767 2071 vel
793 2001 887 2094 ipsos
913 1998 1017 2068 latuit.

325 2126 424 2200 Nulla
450 2129 553 2220 igitur
579 2126 624 2200 de
652 2124 879 2218 singularibus
907 2126 1035 2202 codicis
1062 2127 1158 2200 XIII.
1181 2129 1282 2211 siuti-

223 2256 287 2332 hus
314 2255 404 2352 apud
429 2257 526 2328 viros
554 2253 673 2326 doctos
701 2263 774 2324 erat
801 2255 959 2348 suspicio.
1007 2255 1102 2341 Quae
1125 2276 1212 2330 vero
1240 2258 1284 2337 do

223 2384 362 2479 reliquis
389 2381 467 2473 iltis,
496 2403 636 2476 paruum
658 2381 867 2456 mentionem
893 2379 1081 2474 habuimus7
1108 2385 1284 2458 membra.

224 2514 278 2586 nis
304 2509 430 2607 publici
452 2511 537 2601 juris
565 2508 697 2583 lecerat
720 2505 937 2599 Insteius,
966 2531 1020 2600 ea,
1046 2513 1082 2582 in
1099 2509 1285 2586 Germania

224 2640 362 2729 saltam,
396 2635 523 2710 oblivio
557 2636 633 2710 fere
662 2635 856 2724 deleverat3
888 2638 935 2706 ita
966 2645 1003 2708 ut
1028 2636 1284 2719 Celeberrimus

224 2763 487 2850 Haubotdus,
519 2766 614 2852 ceptus
641 2765 815 2852 ingentem
843 2761 1068 2834 eruditionem
1094 2765 1176 2832 nihiI
1206 2765 1284 2838 iere

224 2887 314 2964 soter
345 2887 486 2980 lugere,
524 2887 722 2968 memoriam
754 2902 874 2958 eorum
905 2883 1068 2978 peculiari
1099 2906 1284 2983 program-

224 3011 339 3088 matc⁷
365 3013 557 3086 renovandi
586 3015 712 3110 optimo
734 3014 813 3105 jure
839 3011 1017 3085 consilium
1044 3026 1191 3110 caperet.
1246 3019 1286 3092 ln

214 3151 292 3238 *quo
324 3139 439 3214 lihcllo
472 3139 680 3214 elaborando
714 3159 790 3212 cum
822 3137 931 3218 adhuc
963 3153 1147 3236 occupatus
1179 3156 1286 3237 esset,

226 3291 319 3343 nova
344 3278 448 3363 atquae
473 3269 645 3362 inopinata
672 3269 875 3342 accessione
902 3276 1000 3342 aucta
1021 3277 1076 3343 est
1094 3271 1285 3346 Veronen-

301 3503 314 3538 ὅ
336 3497 450 3570 Constat
469 3495 573 3547 duobus
592 3495 771 3550 voluminibus
791 3497 818 3547 in
836 3496 883 3548 lcl.
915 3494 1023 3547 Titulus
1041 3496 1080 3549 sic
1097 3497 1193 3551 habet:
1212 3503 1286 3555 Sci-

225 3593 335 3661 pionis
354 3589 472 3644 Mertai
494 3589 621 3642 Biblioth.
639 3589 823 3659 Illanuscripta
841 3589 1004 3658 capitularis
1023 3571 1163 3658 recognita
1181 3597 1286 3662 digesta
1332 3590 1335 3593 “

224 3689 350 3755 suppara
372 3676 423 3738 iun
448 3683 576 3750 auspican
594 3683 758 3750 amplissimi
781 3683 954 3752 morarios
973 3686 1044 3738 unt.
1064 3667 1199 3742 maweu
1217 3692 1285 3744 mar.

225 3783 349 3834 Veronae
366 3779 631 3832 MDCCLXIIXVIII.
1032 3793 1034 3798 ·

301 3883 314 3915 θ
336 3878 442 3929 ,Locum
462 3873 533 3926 hunc
553 3873 662 3926 exhibet
679 3873 739 3926 Vol.
749 3877 769 3927 1.
786 3892 849 3944 pag.
859 3878 903 3928 62.
937 3908 939 3915 ,

302 3977 314 4011 '¹
341 3967 446 4046 Notitia
459 3967 616 4036 Fragmenti
629 3970 792 4024 Veronensis
812 3971 844 4022 ‹lc
864 3969 1024 4024 Interdictis.
1056 3973 1174 4028 Auctore
1191 3977 1286 4045 Cirri-

227 4061 515 4118 stiuno·GottIieb
533 4065 719 4118 Haubcldo'.
756 4063 873 4134 Lipsiae.
893 4067 970 4122 mlo.
