3048 4792
309 285 325 333 t.
639 267 846 324 PRAEFATIO
864 265 1033 320 {totnonis

309 442 409 516 talem
436 441 559 538 protuli
587 445 831 536 coniecturam,
859 465 947 538 prae
966 431 1252 538 ¹compendiorum
1276 463 1376 514 usum

309 570 520 665 requireret,
553 571 597 644 de
630 591 674 642 eo
706 591 839 665 quoque
871 569 1037 644 leotorem
1069 569 1257 643 admonere
1284 568 1375 642 hand

311 695 412 771 iaoilo
439 697 579 792 neglexi
591 692 626 765 ⁵⁸.
667 695 856 792 Vtramque
872 707 986 772 tamen
1004 700 1231 772 annotationis
1248 717 1373 791 genus,

312 849 389 900 oum
414 824 538 916 integri
561 821 619 896 vel
641 845 753 920 paene
775 825 1043 917 integrivemus
1061 824 1224 920 explendi
1242 834 1372 914 essent,

312 957 421 1028 minus
439 952 673 1023 neeessariam
686 951 851 1044 judicavi,
868 951 1015 1047 ideoque
1032 949 1261 1056 utplurimum
1280 954 1372 1024 omi·

312 1083 342 1153 si
354 1076 388 1149 ⁵⁹.
420 1074 592 1152 vSimiliter
610 1078 639 1150 si
657 1080 711 1148 oui
729 1076 873 1150 lacunae
882 1099 961 1150 non
979 1101 1026 1150 ex
1047 1079 1188 1170 ingenio
1211 1077 1372 1168 subveni,

312 1204 374 1277 sed
402 1226 422 1274 e
449 1203 614 1296 Digestis,
641 1203 699 1276 vel
724 1203 978 1278 elustinianeis
1003 1204 1286 1294 -Institutionibus,
1313 1203 1372 1276 vel

312 1353 358 1404 ex
382 1329 456 1403 aliis
482 1328 577 1404 libris
601 1329 854 1427 explementum
880 1315 1225 1427 petivi,plerumque
1243 1353 1372 1426 super-

310 1479 503 1533 vacaneum
521 1459 727 1548 existimavi,
749 1460 785 1530 in
808 1461 998 1555 scripturae
1020 1457 1178 1550 formam,
1201 1481 1301 1554 mann
1323 1457 1372 1528 li·

310 1585 444 1658 brarius
467 1583 662 1660 adhibuisse
685 1585 854 1682 putandus
871 1596 977 1676 esset,
1002 1587 1176 1681 inqtn'rere
1193 1607 1373 1680 meamque

240 1691 243 1704 ’
309 1712 373 1802 hae
391 1713 435 1785 de
452 1736 492 1786 re
510 1716 742 1807 conjecturam
760 1712 930 1808 subjieere
942 1710 979 1785 θ’.
1019 1714 1090 1786 lam
1107 1737 1194 1788 vero
1219 1714 1262 1786 de
1280 1736 1372 1786 oon-

309 1850 405 1914 texto
421 1841 503 1914 nihil
522 1842 688 1936 reliquum
707 1852 771 1931 est,
796 1844 887 1938 quod
903 1865 1074 1946 moneam,
1101 1845 1166 1916 nisi
1183 1843 1276 1934 quod
1291 1839 1372 1912 ior-

309 1968 430 2056 mulas,
457 1990 477 2038 a
503 1964 643 2040 lihrario
661 1966 785 2038 eodem
803 1989 869 2060 quo
889 1978 1005 2040 cetera
1028 1966 1216 2037 litterarum
1239 1985 1374 2055 genere

309 2115 510 2196 expressas,
537 2090 720 2184 maJoriims
744 2089 866 2165 titteris
895 2092 1045 2164 distinxi.

412 2219 667 2292 ,annotationes
684 2217 767 2291 alias
786 2221 979 2313 superiore,
1007 2216 1091 2290 alias
1106 2215 1274 2292 inferiore
1291 2217 1370 2292 loeo
1410 2273 1413 2282 .

311 2339 508 2420 collocavi(
541 2345 580 2417 In
607 2344 841 2442 superioribus
869 2344 1140 2420 annotationibus
1166 2348 1310 2442 primum
1336 2345 1371 2418 id

311 2476 380 2567 egi,
404 2476 455 2562 ut,
482 2470 539 2544 uhi
563 2496 649 2568 opus
673 2473 863 2562 videretur,
889 2494 978 2566 quae
1003 2474 1131 2547 eodiois
1160 2484 1253 2548 esset
1279 2495 1370 2546 eon·-

310 2601 400 2680 dioio
425 2621 579 2698 quaeque
601 2601 770 2694 seriptum
793 2598 987 2692 diligentius
1003 2601 1204 2686 iudiearem,
1232 2602 1371 2692 ejusque

310 2730 482 2824 leotiouis,
511 2727 663 2823 quamin
681 2735 844 2799 contexto
863 2726 1107 2815 exhibuissem,
1134 2746 1256 2798 eausas
1283 2723 1371 2796 red-

313 2858 451 2942 derem,
478 2851 622 2942 deinde,
648 2861 685 2922 ut
710 2853 745 2924 in
770 2856 812 2927 iis
838 2852 923 2927 tales
951 2857 1165 2947 conjecturas
1190 2873 1370 2947 propone·

311 3006 398 3072 rem,
427 3001 514 3074 quae
541 2977 599 3056 vel
625 2978 669 3050 nt
695 2982 897 3052 seutentiam
923 2990 1051 3052 tantum
1073 2979 1369 3053 demonstrandam

313 3114 531 3203 comparatae
564 3116 698 3196 essent,
732 3106 809 3196 vel,
843 3108 996 3201 quamvis
1028 3109 1111 3204 ipsis
1143 3105 1259 3181 verbis
1294 3107 1370 3179 sive

314 3232 522 3330 supplendis,
547 3233 622 3305 sive
641 3234 864 3307 emendandis
887 3235 1112 3325 inservirent,
1130 3256 1199 3306 non
1222 3235 1268 3304 ita
1284 3252 1369 3332 eer-

313 3372 377 3434 tae-
400 3360 619 3449 viderentur,
653 3383 737 3456 quas
768 3363 803 3432 in
836 3370 1032 3458 oontextum
1065 3345 1224 3458 recipere
1256 3357 1369 3431 aude-

909 3515 918 3540 1

387 3567 421 3603 ⁵⁸
443 3563 574 3628 Exempla
584 3561 667 3614 ltabes
678 3578 739 3630 pag.
747 3563 772 3615 6.
781 3579 849 3615 vers.
859 3567 900 3618 17.
915 3567 1026 3632 pag.2l.
1035 3565 1136 3618 versi.
1148 3559 1370 3640 pag.48.rers.‘t.

387 3660 421 3697 Η
444 3656 525 3708 Velut
538 3656 649 3725 pag-15.
660 3658 758 3710 serati.
770 3673 831 3725 pag.
837 3660 879 3712 46.
887 3659 1004 3712 vers.2l.
1015 3675 1077 3727 pag.
1084 3660 1127 3713 58.
1134 3673 1202 3712 vers.
1210 3655 1251 3710 le.
1259 3670 1321 3723 pag.
1327 3653 1370 3706 85.

311 3753 416 3806 nem-l.
663 3749 667 3754 ’

388 3847 423 3884 ⁶⁰
445 3844 525 3898 eant.
539 3862 564 3898 e.
573 3863 596 3898 o.
608 3862 669 3914 pag.
679 3849 703 3900 l.
713 3863 781 3900 vers.
791 3850 840 3899 l—
850 3849 875 3898 3.
891 3851 920 3900 et
933 3848 1032 3898 verass.
1046 3845 1111 3898 item
1125 3845 1238 3912 passe.
1250 3858 1318 3896 vers.
1328 3841 1370 3896 ta.

312 3938 446 3992 Interdum
456 3942 544 3992 tamen
552 3938 625 3992 alind
633 3940 871 4009 suasitpeoatiaris
879 3941 1009 4007 quaedam
1020 3939 1059 3992 rei
1068 3937 1147 4002 ratio,
1161 3937 1369 4004 velutpag.102.

310 4035 427 4086 vorsla
