3048 4792
404 307 541 362 unumne
560 305 723 362 BDlTIONl
740 307 952 362 Ptolemaeo.
1185 320 1229 371 LV

168 482 318 554 indicavi
336 503 474 574 omnes3
503 507 615 580 neque
632 486 743 556 minus
766 485 800 578 in
824 505 888 557 eos
909 485 1058 557 intentas
1084 485 1146 576 lui,
1169 488 1228 579 qui

115 647 119 658 ,
145 618 150 630 ¹
168 631 215 680 ex
227 606 302 701 Gaji
319 609 438 684 Rebus
456 611 658 706 quotidianis
674 612 711 682 in
730 612 874 702 Digesta
890 612 1091 704 migrarunt:
1118 633 1227 707 prae-

166 745 220 806 ter
237 735 303 808 hoe
321 740 487 810 antemio
505 761 548 810 eo
566 738 643 810 lere
659 761 715 810 me
732 738 902 826 continui,
920 746 968 827 ut,
986 734 1043 836 ubi
1062 737 1225 810 derebus

165 861 209 932 ad
230 864 315 953 juris
343 866 555 959 antiquitates
580 863 828 960 pertinentibus
852 863 1000 958 lomim
1023 861 1140 956 Gajus,
1165 865 1225 934 in-

165 989 337 1081 signiores
355 991 508 1082 ejusdem
526 995 716 1085 argumenti
737 991 836 1065 loeos
853 989 913 1066 vel
932 993 971 1062 in
986 969 1224 1086 Corporelu-
1242 1001 1249 1012 ’

80 1141 84 1147 ’
164 1116 231 1205 ris,
259 1114 317 1188 vel
343 1117 432 1212 apud
458 1119 544 1191 alios
570 1121 724 1215 antiques
751 1127 912 1214 meteres
938 1117 1061 1190 obuios
1087 1117 1224 1190 iudiea-

163 1239 296 1315 rem.⁰⁸⁸
325 1243 415 1316 illud
432 1246 495 1317 vix
512 1255 565 1320 est
581 1255 618 1317 ut
634 1255 807 1336 moneam,
830 1257 885 1318 me
904 1244 1059 1342 similium
1075 1267 1223 1342 quoque,

123 1385 130 1391 ·
163 1371 272 1466 quiin
287 1373 370 1466 ipsis
384 1367 458 1462 oso
476 1371 746 1463 Institutionibus
765 1383 960 1465 ooeurrunt,
983 1371 1137 1446 locorum
1154 1373 1223 1446 de-

163 1495 407 1592 signandorum
434 1519 549 1570 euram
575 1473 746 1574 neusse.
859 1527 862 1536 ·

264 1625 320 1698 Ae
336 1626 381 1698 de
395 1623 472 1718 Gaji
488 1626 611 1700 oodioe
625 1637 658 1700 et
672 1627 716 1700 de
728 1628 885 1719 oonsilio,
904 1651 970 1724 qno
981 1631 1019 1704 in
1030 1652 1073 1704 eo
1085 1629 1224 1702 edendo

161 1771 242 1823 usos
259 1773 348 1840 sum,
366 1752 453 1822 haee
471 1753 607 1844 quidem
626 1754 771 1825 urenda
790 1776 870 1851 esse
887 1757 1090 1848 existimaui.
1124 1755 1222 1826 Nune

161 1877 205 1948 ad
222 1877 474 1969 Fragmentum
485 1877 529 1948 de
546 1877 627 1950 Iure
644 1879 736 1951 Fieoi
753 1889 903 1952 transeo.
1166 1856 1172 1870 ¹

262 2005 341 2076 Duo
358 2003 416 2074 illa
432 2003 527 2094 folin,
555 2005 675 2100 quibus
698 2008 787 2079 ineat
808 2004 875 2078 hoo
897 1979 1138 2108 fraginanum,
1163 2005 1221 2079 la·
1291 2049 1294 2054 ·

159 2155 243 2205 oera
269 2142 349 2204 sunt
374 2140 474 2226 atque
491 2142 674 2227 eormrgata
691 2132 889 2206 admodum:
917 2131 1028 2205 forma
1052 2143 1105 2208 est
1131 2156 1220 2230 qua-

160 2260 255 2336 drata
287 2262 410 2352 major:
443 2262 592 2356 paginae
621 2259 786 2333 inlrinas
818 2259 1014 2333 dividuntur
1045 2260 1220 2336 columnas

159 2388 292 2459 uioenis
316 2390 489 2483 quaternis
511 2387 671 2462 versibus
695 2389 920 2484 compositas:
945 2387 1069 2482 singuli
1095 2411 1220 2464 versus

158 2522 276 2586 ternas
288 2515 404 2605 [immo
418 2516 614 2610 quaternas]
628 2513 796 2588 denas'ad
814 2517 956 2588 vicenas
972 2514 1101 2589 litteras
1117 2539 1220 2590 eom-

157 2623 368 2736 pleotuntur,
394 2644 440 2714 ita
468 2652 600 2732 tamen,
627 2651 664 2711 ut
688 2641 888 2736 plerumque
915 2650 1072 2714 constent
1097 2642 1218 2715 litteris

157 2766 312 2859 septenis
339 2761 490 2860 derris⁶⁰z
516 2766 702 2837 litterarum
721 2765 832 2839 forma
848 2763 990 2836 uncialis
1014 2773 1077 2836 est
1114 2767 1217 2838 Duo-

230 2953 297 3022 [⁶st
313 2955 344 3007 ln
362 2953 404 3006 nis
422 2955 554 3020 augendis
572 2971 651 3022 quam
672 2933 782 3006 difficile
799 2953 836 3007 sit
847 2929 984 3008 sibisatis
1002 2952 1102 3020 faeere,
1121 2971 1217 3024 exper-

99 3055 103 3064 '
158 3057 202 3104 tos
225 3049 317 3104 didici.
359 3049 459 3102 Eorum
483 3065 553 3116 qnae
578 3047 669 3100 addidi
694 3047 955 3115 pars-Rudorffio
983 3048 1111 3115 debetur,
1138 3049 1216 3116 cujus
1306 3114 1312 3126 ,

157 3163 255 3202 nomen
273 3162 328 3198 non
346 3143 434 3210 adjeci
452 3143 505 3196 nisi
522 3143 682 3213 quibusdam
701 3142 944 3228 exquisitioribqs]

231 3246 267 3283 ⁶⁹
290 3243 362 3292 luter
380 3255 472 3290 versus
486 3241 519 3291 13
536 3237 633 3291 litteris
652 3243 805 3291 constantes
822 3237 979 3290 referendus
998 3242 1041 3290 est
1057 3237 1137 3290 etiam
1156 3256 1216 3292 ver-

156 3355 203 3392 sus
216 3339 259 3388 22.
278 3334 307 3386 in
324 3333 384 3386 folii
402 3331 499 3400 prioris
517 3335 642 3384 columna
660 3338 756 3400 quarta
773 3331 887 3400 positus,
905 3347 1067 3400 quamquam
1085 3347 1120 3382 ex
1133 3348 1166 3385 eo
1182 3337 1216 3386 12

157 3436 261 3484 tantum
286 3428 391 3481 litteras
415 3425 548 3490 eruimus3
578 3427 720 3480 evanuisse
748 3426 819 3480 enim
848 3427 956 3481 ridetur
981 3425 1094 3478 initialis
1115 3426 1214 3482 littera.

155 3524 248 3594 (Geni.
266 3523 293 3591 §.
301 3525 326 3576 9.
346 3522 447 3589 noti.)
466 3521 561 3590 [Immo
578 3522 604 3574 si
621 3521 690 3574 hane
708 3520 899 3588 addiderimus,
917 3524 996 3572 alunt
1012 3519 1120 3574 litterae
1134 3523 1215 3590 quin-

106 3607 109 3619 ’
156 3619 259 3684 decim,
282 3619 312 3669 io
330 3625 476 3686 emptorem
494 3619 556 3670 ddi:
581 3633 642 3668 nam
660 3634 686 3668 m
702 3615 820 3667 litteram
839 3615 883 3668 hio
899 3614 1024 3668 librarius
1040 3621 1094 3667 tarn
1113 3618 1215 3684 spatio-

156 3731 214 3766 sam
240 3711 352 3780 pingere
377 3714 447 3764 solet
471 3716 502 3762 ut
524 3727 573 3778 pro
600 3711 670 3762 binis
697 3711 862 3762 numeranda
886 3708 931 3762 sio
976 3712 1035 3763 Hae
1056 3712 1214 3764 numerandi

156 3808 262 3860 ratione
280 3805 397 3858 admissa
419 3805 460 3857 bis
479 3807 598 3871 11,2,17
615 3810 644 3856 et
660 3806 687 3872 4,
699 3807 734 3859 19
750 3805 854 3858 litteras
871 3809 1015 3874 quaternas
1035 3806 1118 3858 denas
1138 3805 1213 3860 inve-

157 3899 262 3966 nimur,
285 3901 381 3968 quinas
407 3901 490 3952 denas
514 3905 604 3952 autem
629 3915 683 3952 non
705 3901 847 3954 admodum
871 3899 953 3970 rare]
988 3899 1090 3968 Viginti
1106 3900 1213 3956 litterae

159 4009 213 4044 non
231 3993 282 4046 nisi
299 3994 327 4045 in
342 3990 557 4060 'prominentibus
576 3994 735 4062 quibusdam
753 3994 874 4048 versibus
888 3994 1066 4063 reperiuntur.
1092 3994 1126 4064 [l,
1137 3998 1211 4062 l,24.

159 4088 291 4154 u‚4,1o;
310 4088 374 4140 item
392 4091 504 4156 Ι,2,19,
523 4088 545 4141 si
563 4089 601 4142 ibi
619 4088 746 4157 seriptum
765 4094 807 4143 est
824 4087 913 4154 flou]
