3048 4792
252 307 369 358 XXVII!
584 295 790 352 PRAEFATIO
809 294 979 350 EDITORIS

121 459 125 482 '
179 455 182 462 ’
254 475 377 567 scripta
396 472 534 564 fuerint,
552 495 709 570 magnam
725 483 857 569 partem
874 472 943 566 legi
962 475 1194 568 nonpossint:
1223 472 1312 568 quod

254 598 332 672 olim
350 610 462 673 tamen
484 601 596 675 locum
614 611 766 674 nostrum
784 597 995 689 exhibuisse,
1023 623 1069 672 ex
1088 622 1202 673 rerum
1218 621 1312 674 nexu

252 727 461 828 intelligitur,
489 729 697 822 singulisque
715 723 912 820 quibusdam
929 725 1061 818 litteris,
1081 747 1165 822 quas
1182 726 1311 822 in'pri-

252 880 307 930 mu
326 861 441 931 aversi
460 855 532 926 folii
550 875 655 925 versu
672 873 865 946 agnoscere
881 851 984 942 teuit,
1003 852 1252 950 comprobatur.

355 984 415 1055 111.
445 1004 491 1054 ex
513 981 613 1051 tertia
636 977 723 1051 libro
748 981 819 1072 ejus
838 978 980 1067 articuli,
1004 1001 1104 1074 quem
1120 983 1155 1053 in
1175 977 1309 1054 Masai-

252 1131 366 1183 earum
390 1118 424 1179 et
446 1108 677 1179 Romanarum
703 1105 832 1200 Legum
857 1102 1048 1181 Callatiuua
1079 1116 1201 1179 extare
1224 1106 1309 1196 dixi,

250 1257 329 1330 pars
353 1235 447 1329 prior
471 1252 580 1327 eaque
603 1235 724 1304 minor.
762 1233 860 1304 Hune
882 1255 902 1303 a
925 1233 1046 1306 codiee
1069 1233 1194 1307 abessa
1218 1255 1308 1306 eon-

251 1371 331 1451 stat,
365 1362 456 1434 unde
483 1382 559 1432 eam
590 1361 626 1431 in
653 1359 832 1454 deperdito
860 1359 972 1454 aliqua
999 1360 1082 1434 iulio
1110 1361 1308 1464 euboeatam

250 1490 357 1562 tuisse
383 1483 530 1560 neeesse
558 1495 618 1561 est.
1225 1503 1228 1510 “

352 1616 450 1703 Quae
481 1623 558 1685 cum
590 1617 635 1684 ita
668 1616 752 1702 sint,
786 1613 876 1684 nulla
908 1614 1106 1710 relinquitur
1134 1614 1307 1703 dubitatio,

249 1746 329 1841 quin
360 1741 578 1815 membranae
611 1749 750 1814 nostrae
782 1730 947 1834 genuinas
974 1740 1049 1836 Gaji
1077 1743 1307 1815 Institutiuaes

249 1871 410 1960 offerant3
438 1893 550 1964 neque
574 1877 686 1940 tamen
711 1868 785 1942 illas
812 1871 977 1963 integras,
1003 1879 1039 1940 ut
1063 1891 1109 1940 ax
1125 1880 1189 1959 aa,
1216 1867 1306 1962 quod

248 1999 405 2092 proxime
432 1998 559 2086 monui,
587 2007 737 2091 apparet.
792 1996 893 2068 Vnde
920 2018 1012 2067 nune
1038 1994 1221 2087 diligenter
1246 1999 1306 2067 irr-

248 2125 448 2218 quirendum
471 2132 535 2212 est,
563 2123 864 2218 quantaprimitivi
881 2123 1010 2196 eodiuis
1028 2144 1107 2218 pars
1129 2121 1304 2218 deperdita

246 2249 402 2342 habenda
429 2251 481 2322 sit.
999 2259 1002 2266 '

351 2377 390 2449 lu
408 2399 473 2470 quo
490 2377 571 2472 illud
588 2387 666 2448 ante
678 2380 796 2458 ,omnia
813 2377 1109 2450 considerandum
1120 2379 1196 2468 erit,
1224 2399 1305 2450 num
1327 2373 1328 2380 ’

247 2507 377 2578 initium
409 2506 524 2600 operis
557 2503 741 2592 habeamus
774 2517 808 2578 et
839 2504 950 2578 tinem.
1010 2505 1160 2578 Primum
1192 2515 1305 2577 autem

250 2653 379 2721 aarum,
407 2654 494 2726 quae
521 2653 612 2702 nunu
638 2641 726 2722 sunt,
753 2632 962 2728 plagularum
989 2632 1101 2704 locum
1128 2630 1208 2704 olim
1234 2630 1304 2705 ab·

249 2762 348 2834 tiuuit·
366 2757 483 2832 folium
501 2757 538 2829 L.
557 2757 696 2830 rectum
743 2760 782 2831 ln
799 2761 1091 2856 hujusprineipio,
1114 2763 1304 2856 praemisso

248 2907 391 2960 numero
419 2884 458 2974 1,
485 2883 620 2956 rubrieu
646 2889 756 2981 posita
784 2897 854 2975 est,
882 2909 980 2980 quam
1007 2891 1052 2958 ita
1077 2891 1302 2982 interpretor:

248 3015 302 3087 De
329 3017 403 3084 iure
421 2984 624 3105 gentium'et
640 3012 739 3083 ciuili.
786 3013 900 3101 Vnde,
926 3012 1006 3085 licet
1023 3013 1190 3102 rubricas,
1211 3033 1305 3110 'quae

248 3148 281 3214 in
314 3141 433 3213 codice
460 3117 558 3211 XIII.¹
589 3142 827 3229 inveniuntur,
860 3161 879 3209 a
907 3135 993 3232 (iujo
1024 3141 1100 3234 ipsu
1126 3138 1304 3234 profectas

248 3293 328 3344 esse
349 3268 456 3342 ,valde
483 3266 645 3356 dubitem,
666 3260 752 3338 'illud
779 3277 891 3338 tamen
909 3264 1246 3360 compatimur-tum
1268 3268 1303 3336 in

249 3421 291 3470 ea
310 3395 481 3490 exemplo,
499 3395 589 3490 quod
609 3392 900 3468 transcribendum
917 3393 979 3466 sibi
998 3401 1200 3490 sumpserat,
1222 3391 1304 3464 nibil

248 3527 425 3619 quiequam
440 3524 651 3618 repperisse,
679 3521 769 3616 quud
786 3524 967 3595 anterioris
983 3522 1121 3614 alicujus
1145 3517 1303 3590 mbrieae

248 3674 364 3724 ansam
389 3650 479 3721 dare.
494 3658 621 3745 posset.
645 3628 647 3634 ’
668 3648 784 3744 Itaque
802 3641 933 3720 titulum
947 3648 1081 3744 quidem
1100 3646 1302 3734 desiderari,

247 3781 352 3873 ipsius
379 3787 491 3848 tamen
519 3778 633 3872 operis
660 3775 858 3871 principium
885 3774 967 3848 iulio
995 3774 1031 3845 L.
1060 3771 1303 3868 cumprehendi

247 3904 326 3978 mihi
352 3902 555 3998 persuadeo.
600 3903 686 3976 Nam
714 3905 841 3997 siquis
869 3901 958 3977 forte
984 3900 1066 3972 inde
1091 3908 1184 3994 petat
1196 3897 1303 3976 ,dubi-
1431 3933 1448 3956 ·

249 4031 338 4104 tandi
366 4052 513 4120 eausam,
542 4030 693 4124 quadiu
721 4028 896 4102 Iustiniani
914 4021 1181 4100 Institutiauibus
1210 4024 1302 4096 titulo
