3048 4792
261 343 324 394 xvi
372 359 375 370 =
581 295 806 388 'rnnnnnrro
825 334 994 388 nononis

262 509 459 599 liberalitas
486 507 645 598 utnulla,
674 532 737 603 qua
760 509 901 602 consilia
925 521 1040 585 nostra
1065 521 1254 609 promotum
1278 513 1320 582 iri

263 637 443 726 sentiebat,
470 633 622 708 molestia
649 639 787 728 gravari
814 637 999 712 videretur.

364 760 581 836 Bekkerus
613 761 697 852 illis,
726 785 813 858 quae
840 786 940 860 supra
968 769 1080 860 tetigi,
1109 764 1320 838 Academiae

261 895 394 986 Regiae
426 881 601 963 mandatis
626 889 748 962 diutius
781 892 816 961 in
848 891 942 964 ltalia
975 891 1207 983 detinebatur3
1237 891 1319 964 mibi

259 1043 346 1095 vero
380 1040 457 1092 cum
483 1015 723 1110 Hollwegic
751 1040 916 1108 reverso,
948 1029 1125 1115 postquam
1156 1021 1191 1090 in
1218 1018 1318 1090 Aca-

260 1147 395 1220 demiae
422 1165 589 1218 consessu
617 1144 660 1216 de
686 1146 809 1217 itinere
834 1144 959 1234 rettuli,
988 1143 1062 1238 Gaii
1089 1145 1319 1220 institutiones

262 1275 571 1367 Fragmentumque
598 1272 642 1344 de
669 1271 748 1344 Iure
775 1272 866 1346 Fisci
893 1271 1018 1345 edendi
1052 1294 1171 1345 munus
1204 1275 1319 1365 injun-

262 1410 351 1473 ctum
378 1408 440 1472 est.
496 1397 642 1480 Videbat
669 1421 753 1471 sane
781 1398 988 1491 Academia,
1014 1423 1089 1472 rem
1115 1402 1222 1496 ipsam
1248 1401 1319 1470 im·

259 1529 454 1625 pedimento
482 1549 580 1616 esse‚
613 1530 789 1622 quominus
816 1527 902 1600 baec
930 1525 1004 1621 Gaji
1031 1528 1135 1602 editio
1163 1524 1319 1600 omnibus

162 1737 167 1756 x
260 1657 410 1728 numeris
430 1649 678 1728 absolveretur.
718 1654 879 1728 Perfecta
903 1657 993 1726 enim
1014 1654 1117 1728 editio
1140 1655 1318 1749 repetitam

259 1785 399 1879 requirit
416 1781 544 1854 codicis
562 1780 657 1852 Xlll.
677 1781 908 1854 collationem:
937 1782 981 1855 de
998 1785 1091 1874 cujus
1108 1781 1220 1853 fructu
1235 1781 1318 1854 ideo

257 1911 466 2008 potissimum
485 1909 609 2003 optima
628 1929 708 2003 spes
727 1909 951 2004 concipienda
969 1921 1034 1998 est,
1059 1909 1240 2006 quinidius
1257 1911 1318 1980 in·
1438 1974 1442 1982 .

258 2037 339 2125 fusi,
366 2057 432 2130 quo
460 2033 503 2104 ad
529 2035 768 2106 instaurandos
797 2037 954 2127 antiquae
981 2037 1170 2130 scripturae
1197 2036 1317 2108 ductus

258 2163 414 2236 codicem
435 2159 627 2250 imbuimus,
656 2157 796 2232 effectus
821 2163 983 2255 temporis
1007 2157 1317 2235 diuturnitate'mi-

257 2289 353 2362 rifice
377 2297 537 2382 augetur3
564 2287 656 2360 unde
673 2287 862 2384 probabile.
875 2298 939 2378 est
966 2288 1079 2380 multa‚
1106 2311 1194 2384 quae
1217 2289 1316 2386 nobis

258 2417 365 2492 oculis
387 2418 569 2513 percipere
592 2415 741 2487 nondum
767 2415 913 2505 licuerit,
941 2437 1031 2490 nunc
1058 2416 1149 2490 facili
1175 2419 1315 2511 negotio
1372 2417 1375 2422 ’

137 2529 148 2548 χ
257 2545 326 2640 legi
352 2566 467 2641 posse.
512 2543 559 2614 Vt
580 2551 693 2614 tamen
712 2567 762 2650 ex
785 2546 910 2616 iterata·
930 2542 990 2626 ¹tali
1013 2545 1142 2618 codicis
1167 2543 1316 2618 lectione

256 2673 452 2770 plenissima
470 2669 671 2768 onpi‘possit
687 2669 823 2760 utilitas,
852 2693 906 2762 ea,
934 2682 1140 2774 quactparta
1160 2674 1231 2764 jam
1257 2681 1317 2745 te-

254 2821 391 2890 nemus„
418 2799 528 2895 probe
555 2809 634 2874 ente
660 2807 912 2894 pertractentur
938 2823 1085 2874 necesse
1112 2809 1181 2874 est:
1214 2801 1317 2894 igitur

148 2973 152 2998 t
253 2926 426 3020 vulganda
449 2935 556 2996 erant.
595 2927 753 3018 Denique
776 2929 805 2998 si
826 2928 959 3000 inventi
982 2929 1133 3001 thesauri
1155 2948 1316 2998 commo·
1409 2967 1414 2977 ·

253 3053 306 3125 dis
334 3052 456 3123 diutius
489 3052 705 3144 privarentur
738 3051 894 3141 antiquae
922 3050 1211 3144 jurisprudentiae
1237 3050 1316 3122 cul-

166 3170 171 3177 ’
254 3189 367 3268 tores,
394 3177 456 3248 vix
482 3174 549 3244 ulia
577 3192 656 3246 esse
682 3171 864 3250 videbatur
890 3178 1078 3247 excusatio.
1134 3171 1317 3270 Sapienter

254 3308 368 3400 itaque
385 3301 576 3376 Academia
603 3303 728 3394 Regia,
756 3309 792 3398 ut
817 3299 1005 3397 perfectior
1033 3300 1135 3373 editio
1162 3325 1315 3400 praepa-

255 3441 402 3520 raretur,
428 3429 516 3501 hanc
544 3431 656 3500 curari
678 3429 787 3520 jussit.
834 3426 942 3512 Quam
969 3428 1217 3522 quodammodo
1244 3430 1314 3502 du-
1359 3489 1361 3494 ,

254 3559 377 3655 plicem
405 3557 522 3628 dicere
548 3557 674 3651 possis,
702 3577 791 3644 oum,
818 3573 905 3649 quae
927 3557 1086 3630 nitidiore
1104 3558 1219 3630 charta
1242 3583 1314 3632 ex-

254 3707 375 3781 pressa
393 3693 483 3773 sunt,
512 3681 721 3777 exemplaria
739 3682 911 3776 adjunctas
929 3683 1076 3758 habeant
1094 3685 1223 3767 tabidas
1240 3689 1316 3760 aeri

254 3813 379 3886 incisas
406 3821 495 3882 tres:
522 3811 588 3881 hae
615 3819 752 3904 praeter
778 3810 870 3900 ilias,
899 3833 981 3906 quas
1009 3810 1150 3888 Comitis
1177 3815 1313 3886 Bevi·

253 3938 401 4033 lacqua
424 3936 574 4009 Lanise
601 3937 787 4010 industriae
812 3937 929 4010 deberi
953 3939 1035 4029 dixi,
1058 3941 1313 4012 veronensium

254 4062 524 4138 membranarrun
556 4067 741 4159 imagines,
774 4066 958 4138 litterarum
986 4069 1313 4162 praecipuarumque
