<?xml version="1.0" encoding="UTF-8"?>
<!DOCTYPE html PUBLIC "-//W3C//DTD XHTML 1.0 Transitional//EN"
    "http://www.w3.org/TR/xhtml1/DTD/xhtml1-transitional.dtd">
<html xmlns="http://www.w3.org/1999/xhtml" xml:lang="en" lang="en">
 <head>
  <title>
</title>
<meta http-equiv="Content-Type" content="text/html;charset=utf-8" />
  <meta name='ocr-system' content='tesseract 3.04.00' />
  <meta name='ocr-capabilities' content='ocr_page ocr_carea ocr_par ocr_line ocrx_word'/>
</head>
<body>
  <div class='ocr_page' id='page_1' title='image "./gaiiinstitvtion00gsgoog_0027.png"; bbox 0 0 3048 4792; ppageno 0'>
   <div class='ocr_carea' id='block_1_1' title="bbox 399 305 1221 383">
    <p class='ocr_par' dir='ltr' id='par_1_1' title="bbox 399 305 1221 383">
     <span class='ocr_line' id='line_1_1' title="bbox 399 305 1221 383; baseline 0.011 -20"><span class='ocrx_word' id='word_1_1' title='bbox 399 305 533 365; x_wconf 76' lang='lat' dir='ltr'>ruinart</span> <span class='ocrx_word' id='word_1_2' title='bbox 552 311 715 364; x_wconf 78' lang='lat' dir='ltr'>EDl&#39;l&#39;lONl</span> <span class='ocrx_word' id='word_1_3' title='bbox 733 309 942 383; x_wconf 71' lang='lat' dir='ltr'>Punnpnssn.</span> <span class='ocrx_word' id='word_1_4' title='bbox 1156 323 1221 372; x_wconf 82' lang='lat' dir='ltr'>xix</span> 
     </span>
    </p>
   </div>
   <div class='ocr_carea' id='block_1_2' title="bbox 79 481 1310 2356">
    <p class='ocr_par' dir='ltr' id='par_1_2' title="bbox 161 481 1310 834">
     <span class='ocr_line' id='line_1_2' title="bbox 162 481 1310 582; baseline 0.009 -28"><span class='ocrx_word' id='word_1_5' title='bbox 162 486 255 559; x_wconf 85' lang='lat' dir='ltr'>neris</span> <span class='ocrx_word' id='word_1_6' title='bbox 283 496 344 556; x_wconf 87' lang='lat' dir='ltr'>cst.</span> <span class='ocrx_word' id='word_1_7' title='bbox 389 486 522 577; x_wconf 84' lang='lat' dir='ltr'>Altera,</span> <span class='ocrx_word' id='word_1_8' title='bbox 550 488 735 562; x_wconf 86' lang='lat' dir='ltr'>litterarum</span> <span class='ocrx_word' id='word_1_9' title='bbox 761 487 954 576; x_wconf 89' lang='lat' dir='ltr'>uncialium,</span> <span class='ocrx_word' id='word_1_10' title='bbox 982 487 1101 582; x_wconf 79' lang='lat' dir='ltr'>rpribus</span> <span class='ocrx_word' id='word_1_11' title='bbox 1129 509 1219 563; x_wconf 85' lang='lat' dir='ltr'>con·-</span> <span class='ocrx_word' id='word_1_12' title='bbox 1306 481 1310 486; x_wconf 59' lang='grc'><strong>’</strong></span> 
     </span>
     <span class='ocr_line' id='line_1_3' title="bbox 161 613 1219 708; baseline 0.003 -25"><span class='ocrx_word' id='word_1_13' title='bbox 161 619 239 701; x_wconf 87' lang='lat' dir='ltr'>stat,</span> <span class='ocrx_word' id='word_1_14' title='bbox 267 623 301 683; x_wconf 91' lang='lat' dir='ltr'>et</span> <span class='ocrx_word' id='word_1_15' title='bbox 323 614 519 706; x_wconf 76' lang='lat' dir='ltr'>antiquitate</span> <span class='ocrx_word' id='word_1_16' title='bbox 546 623 580 684; x_wconf 91' lang='lat' dir='ltr'>et</span> <span class='ocrx_word' id='word_1_17' title='bbox 608 613 775 707; x_wconf 74' lang='lat' dir='ltr'>elegantia</span> <span class='ocrx_word' id='word_1_18' title='bbox 803 615 959 706; x_wconf 87' lang='lat' dir='ltr'>insignis,</span> <span class='ocrx_word' id='word_1_19' title='bbox 986 635 1049 708; x_wconf 90' lang='lat' dir='ltr'>per</span> <span class='ocrx_word' id='word_1_20' title='bbox 1070 617 1219 690; x_wconf 87' lang='lat' dir='ltr'>univcr-</span> 
     </span>
     <span class='ocr_line' id='line_1_4' title="bbox 161 721 1219 834; baseline 0.006 -26"><span class='ocrx_word' id='word_1_21' title='bbox 161 759 234 808; x_wconf 87' lang='lat' dir='ltr'>sum</span> <span class='ocrx_word' id='word_1_22' title='bbox 253 739 420 828; x_wconf 78' lang='lat' dir='ltr'>codicem,</span> <span class='ocrx_word' id='word_1_23' title='bbox 438 738 549 834; x_wconf 86' lang='lat' dir='ltr'>quoad</span> <span class='ocrx_word' id='word_1_24' title='bbox 569 741 754 834; x_wconf 87' lang='lat' dir='ltr'>rescriptus</span> <span class='ocrx_word' id='word_1_25' title='bbox 771 749 837 829; x_wconf 88' lang='lat' dir='ltr'>est,</span> <span class='ocrx_word' id='word_1_26' title='bbox 861 721 1072 813; x_wconf 89' lang='lat' dir='ltr'>extenditur:</span> <span class='ocrx_word' id='word_1_27' title='bbox 1100 741 1219 832; x_wconf 84' lang='lat' dir='ltr'>alteru,</span> 
     </span>
    </p>

    <p class='ocr_par' dir='ltr' id='par_1_3' title="bbox 79 841 1276 2356">
     <span class='ocr_line' id='line_1_5' title="bbox 160 841 1272 960; baseline 0.005 -25"><span class='ocrx_word' id='word_1_28' title='bbox 160 886 263 958; x_wconf 86' lang='lat' dir='ltr'>supra</span> <span class='ocrx_word' id='word_1_29' title='bbox 290 845 572 960; x_wconf 83' lang='lat' dir='ltr'>antiquissimam,</span> <span class='ocrx_word' id='word_1_30' title='bbox 601 877 699 960; x_wconf 85' lang='lat' dir='ltr'>quain</span> <span class='ocrx_word' id='word_1_31' title='bbox 726 867 828 940; x_wconf 87' lang='lat' dir='ltr'>modo</span> <span class='ocrx_word' id='word_1_32' title='bbox 857 866 946 955; x_wconf 86' lang='lat' dir='ltr'>dixi,</span> <span class='ocrx_word' id='word_1_33' title='bbox 974 877 1008 938; x_wconf 90' lang='lat' dir='ltr'>at</span> <span class='ocrx_word' id='word_1_34' title='bbox 1032 867 1122 941; x_wconf 86' lang='lat' dir='ltr'>inira</span> <span class='ocrx_word' id='word_1_35' title='bbox 1148 891 1219 941; x_wconf 88' lang='lat' dir='ltr'>nc·</span> <span class='ocrx_word' id='word_1_36' title='bbox 1263 841 1272 850; x_wconf 48' lang='grc'><strong>’</strong></span> 
     </span>
     <span class='ocr_line' id='line_1_6' title="bbox 160 975 1221 1089; baseline 0.005 -28"><span class='ocrx_word' id='word_1_37' title='bbox 160 992 334 1063; x_wconf 83' lang='lat' dir='ltr'>vissimam</span> <span class='ocrx_word' id='word_1_38' title='bbox 367 975 496 1064; x_wconf 84' lang='lat' dir='ltr'>codicis</span> <span class='ocrx_word' id='word_1_39' title='bbox 531 994 730 1088; x_wconf 76' lang='lat' dir='ltr'>scripturam</span> <span class='ocrx_word' id='word_1_40' title='bbox 764 993 947 1084; x_wconf 84' lang='lat' dir='ltr'>collocata,</span> <span class='ocrx_word' id='word_1_41' title='bbox 980 995 1053 1089; x_wconf 90' lang='lat' dir='ltr'>ipsa</span> <span class='ocrx_word' id='word_1_42' title='bbox 1086 1015 1221 1089; x_wconf 89' lang='lat' dir='ltr'>quoque</span> 
     </span>
     <span class='ocr_line' id='line_1_7' title="bbox 159 1117 1260 1214; baseline 0.006 -28"><span class='ocrx_word' id='word_1_43' title='bbox 159 1117 345 1192; x_wconf 78' lang='lat' dir='ltr'>uncialibus</span> <span class='ocrx_word' id='word_1_44' title='bbox 365 1129 507 1190; x_wconf 85' lang='lat' dir='ltr'>exarata</span> <span class='ocrx_word' id='word_1_45' title='bbox 524 1119 657 1211; x_wconf 85' lang='lat' dir='ltr'>litteris,</span> <span class='ocrx_word' id='word_1_46' title='bbox 685 1119 805 1194; x_wconf 90' lang='lat' dir='ltr'>talibus</span> <span class='ocrx_word' id='word_1_47' title='bbox 822 1131 950 1208; x_wconf 88' lang='lat' dir='ltr'>tamen,</span> <span class='ocrx_word' id='word_1_48' title='bbox 977 1141 1064 1214; x_wconf 87' lang='lat' dir='ltr'>quae</span> <span class='ocrx_word' id='word_1_49' title='bbox 1087 1119 1221 1193; x_wconf 81' lang='lat' dir='ltr'>termae</span> <span class='ocrx_word' id='word_1_50' title='bbox 1256 1149 1260 1160; x_wconf 86' lang='lat'><strong>·</strong></span> 
     </span>
     <span class='ocr_line' id='line_1_8' title="bbox 158 1243 1223 1342; baseline 0.004 -28"><span class='ocrx_word' id='word_1_51' title='bbox 158 1254 192 1314; x_wconf 89' lang='lat' dir='ltr'>et</span> <span class='ocrx_word' id='word_1_52' title='bbox 217 1246 413 1340; x_wconf 84' lang='lat' dir='ltr'>antiquitate</span> <span class='ocrx_word' id='word_1_53' title='bbox 441 1256 475 1318; x_wconf 91' lang='lat' dir='ltr'>et</span> <span class='ocrx_word' id='word_1_54' title='bbox 503 1245 678 1340; x_wconf 84' lang='lat' dir='ltr'>elegantia</span> <span class='ocrx_word' id='word_1_55' title='bbox 692 1249 806 1319; x_wconf 89' lang='lat' dir='ltr'>minus</span> <span class='ocrx_word' id='word_1_56' title='bbox 825 1247 1035 1342; x_wconf 85' lang='lat' dir='ltr'>conspicuae</span> <span class='ocrx_word' id='word_1_57' title='bbox 1052 1248 1130 1337; x_wconf 88' lang='lat' dir='ltr'>sint,</span> <span class='ocrx_word' id='word_1_58' title='bbox 1157 1243 1223 1320; x_wconf 80' lang='lat' dir='ltr'>ssd</span> 
     </span>
     <span class='ocr_line' id='line_1_9' title="bbox 157 1355 1221 1477; baseline 0.005 -38"><span class='ocrx_word' id='word_1_59' title='bbox 157 1369 201 1440; x_wconf 88' lang='lat' dir='ltr'>ad</span> <span class='ocrx_word' id='word_1_60' title='bbox 218 1375 428 1447; x_wconf 83' lang='lat' dir='ltr'>novissimae</span> <span class='ocrx_word' id='word_1_61' title='bbox 447 1376 636 1477; x_wconf 79' lang='lat' dir='ltr'>scripturae</span> <span class='ocrx_word' id='word_1_62' title='bbox 655 1374 905 1459; x_wconf 86' lang='lat' dir='ltr'>similitudinem</span> <span class='ocrx_word' id='word_1_63' title='bbox 918 1355 1094 1464; x_wconf 82' lang='lat' dir='ltr'>accedant,</span> <span class='ocrx_word' id='word_1_64' title='bbox 1114 1395 1221 1468; x_wconf 90' lang='lat' dir='ltr'>quar-</span> 
     </span>
     <span class='ocr_line' id='line_1_10' title="bbox 159 1482 1276 1606; baseline 0.007 -42"><span class='ocrx_word' id='word_1_65' title='bbox 159 1505 224 1606; x_wconf 88' lang='lat' dir='ltr'>tam</span> <span class='ocrx_word' id='word_1_66' title='bbox 252 1497 329 1572; x_wconf 86' lang='lat' dir='ltr'>iere</span> <span class='ocrx_word' id='word_1_67' title='bbox 346 1501 470 1597; x_wconf 89' lang='lat' dir='ltr'>implet</span> <span class='ocrx_word' id='word_1_68' title='bbox 498 1482 626 1573; x_wconf 84' lang='lat' dir='ltr'>codicis</span> <span class='ocrx_word' id='word_1_69' title='bbox 654 1511 803 1595; x_wconf 71' lang='lat' dir='ltr'>partem,</span> <span class='ocrx_word' id='word_1_70' title='bbox 832 1503 1013 1594; x_wconf 78' lang='lat' dir='ltr'>sexaginta</span> <span class='ocrx_word' id='word_1_71' title='bbox 1037 1503 1128 1572; x_wconf 89' lang='lat' dir='ltr'>enim</span> <span class='ocrx_word' id='word_1_72' title='bbox 1152 1523 1220 1597; x_wconf 90' lang='lat' dir='ltr'>pa·</span> <span class='ocrx_word' id='word_1_73' title='bbox 1274 1587 1276 1596; x_wconf 12' lang='grc' dir='ltr'>χ</span> 
     </span>
     <span class='ocr_line' id='line_1_11' title="bbox 157 1617 1219 1724; baseline 0.006 -31"><span class='ocrx_word' id='word_1_74' title='bbox 157 1617 294 1716; x_wconf 62' lang='lat' dir='ltr'>ginae‘¹4</span> <span class='ocrx_word' id='word_1_75' title='bbox 308 1629 478 1722; x_wconf 85' lang='lat' dir='ltr'>integrae,</span> <span class='ocrx_word' id='word_1_76' title='bbox 504 1624 624 1700; x_wconf 87' lang='lat' dir='ltr'>duae¹⁵</span> <span class='ocrx_word' id='word_1_77' title='bbox 643 1651 689 1703; x_wconf 81' lang='lat' dir='ltr'>ex</span> <span class='ocrx_word' id='word_1_78' title='bbox 711 1637 821 1724; x_wconf 86' lang='lat' dir='ltr'>parte,</span> <span class='ocrx_word' id='word_1_79' title='bbox 845 1628 897 1702; x_wconf 84' lang='lat' dir='ltr'>lis</span> <span class='ocrx_word' id='word_1_80' title='bbox 920 1631 1108 1724; x_wconf 82' lang='lat' dir='ltr'>rescriptae</span> <span class='ocrx_word' id='word_1_81' title='bbox 1131 1637 1219 1702; x_wconf 88' lang='lat' dir='ltr'>sunt.</span> 
     </span>
     <span class='ocr_line' id='line_1_12' title="bbox 79 1745 1221 1848; baseline 0.008 -31"><span class='ocrx_word' id='word_1_82' title='bbox 79 1839 87 1844; x_wconf 15' lang='grc' dir='ltr'><strong>ᾖ</strong></span> <span class='ocrx_word' id='word_1_83' title='bbox 159 1749 245 1820; x_wconf 86' lang='lat' dir='ltr'>illud</span> <span class='ocrx_word' id='word_1_84' title='bbox 268 1755 407 1846; x_wconf 90' lang='lat' dir='ltr'>triplicis</span> <span class='ocrx_word' id='word_1_85' title='bbox 431 1755 528 1846; x_wconf 86' lang='lat' dir='ltr'>hujus</span> <span class='ocrx_word' id='word_1_86' title='bbox 548 1745 736 1848; x_wconf 80' lang='lat' dir='ltr'>scripturae</span> <span class='ocrx_word' id='word_1_87' title='bbox 754 1777 936 1825; x_wconf 88' lang='lat' dir='ltr'>commune</span> <span class='ocrx_word' id='word_1_88' title='bbox 953 1763 1017 1843; x_wconf 90' lang='lat' dir='ltr'>est,</span> <span class='ocrx_word' id='word_1_89' title='bbox 1045 1756 1135 1848; x_wconf 87' lang='lat' dir='ltr'>qued</span> <span class='ocrx_word' id='word_1_90' title='bbox 1151 1777 1221 1826; x_wconf 88' lang='lat' dir='ltr'>ec·-</span> 
     </span>
     <span class='ocr_line' id='line_1_13' title="bbox 100 1863 1221 1974; baseline 0.006 -29"><span class='ocrx_word' id='word_1_91' title='bbox 100 1887 106 1894; x_wconf 73' lang='grc'><strong>’</strong></span> <span class='ocrx_word' id='word_1_92' title='bbox 160 1875 238 1946; x_wconf 88' lang='lat' dir='ltr'>dem</span> <span class='ocrx_word' id='word_1_93' title='bbox 266 1863 455 1970; x_wconf 83' lang='lat' dir='ltr'>diriguntur</span> <span class='ocrx_word' id='word_1_94' title='bbox 476 1882 579 1951; x_wconf 88' lang='lat' dir='ltr'>unius</span> <span class='ocrx_word' id='word_1_95' title='bbox 607 1874 770 1973; x_wconf 74' lang='lat' dir='ltr'>cujusque</span> <span class='ocrx_word' id='word_1_96' title='bbox 785 1901 939 1968; x_wconf 71' lang='lat' dir='ltr'>uersus,</span> <span class='ocrx_word' id='word_1_97' title='bbox 967 1879 1059 1950; x_wconf 87' lang='lat' dir='ltr'>unde</span> <span class='ocrx_word' id='word_1_98' title='bbox 1082 1881 1221 1974; x_wconf 88' lang='lat' dir='ltr'>saepis-</span> 
     </span>
     <span class='ocr_line' id='line_1_14' title="bbox 159 1997 1221 2106; baseline -0.001 -30"><span class='ocrx_word' id='word_1_99' title='bbox 159 2005 244 2076; x_wconf 85' lang='lat' dir='ltr'>sime</span> <span class='ocrx_word' id='word_1_100' title='bbox 272 2004 358 2078; x_wconf 90' lang='lat' dir='ltr'>alter</span> <span class='ocrx_word' id='word_1_101' title='bbox 376 1997 526 2078; x_wconf 67' lang='lat' dir='ltr'>,alterum</span> <span class='ocrx_word' id='word_1_102' title='bbox 553 2007 654 2098; x_wconf 83' lang='lat' dir='ltr'>tegit:</span> <span class='ocrx_word' id='word_1_103' title='bbox 668 1997 761 2106; x_wconf 68' lang='lat' dir='ltr'>*quin</span> <span class='ocrx_word' id='word_1_104' title='bbox 788 2026 858 2076; x_wconf 86' lang='lat' dir='ltr'>nun</span> <span class='ocrx_word' id='word_1_105' title='bbox 881 2021 964 2077; x_wconf 72' lang='lat' dir='ltr'>&#39;raro</span> <span class='ocrx_word' id='word_1_106' title='bbox 992 2008 1037 2076; x_wconf 91' lang='lat' dir='ltr'>ita</span> <span class='ocrx_word' id='word_1_107' title='bbox 1060 2007 1221 2076; x_wconf 88' lang='lat' dir='ltr'>inunum</span> 
     </span>
     <span class='ocr_line' id='line_1_15' title="bbox 157 2119 1221 2222; baseline 0.004 -22"><span class='ocrx_word' id='word_1_108' title='bbox 157 2130 309 2208; x_wconf 84' lang='lat' dir='ltr'>incidunt</span> <span class='ocrx_word' id='word_1_109' title='bbox 334 2137 407 2204; x_wconf 88' lang='lat' dir='ltr'>tres</span> <span class='ocrx_word' id='word_1_110' title='bbox 429 2131 558 2205; x_wconf 88' lang='lat' dir='ltr'>diversi</span> <span class='ocrx_word' id='word_1_111' title='bbox 577 2119 719 2222; x_wconf 81' lang='lat' dir='ltr'>uersus,</span> <span class='ocrx_word' id='word_1_112' title='bbox 747 2141 783 2202; x_wconf 91' lang='lat' dir='ltr'>ut</span> <span class='ocrx_word' id='word_1_113' title='bbox 803 2155 914 2206; x_wconf 88' lang='lat' dir='ltr'>vanus</span> <span class='ocrx_word' id='word_1_114' title='bbox 931 2133 1015 2217; x_wconf 79' lang='lat' dir='ltr'>iere</span> <span class='ocrx_word' id='word_1_115' title='bbox 1037 2134 1085 2206; x_wconf 87' lang='lat' dir='ltr'>sit</span> <span class='ocrx_word' id='word_1_116' title='bbox 1110 2131 1221 2222; x_wconf 87' lang='lat' dir='ltr'>labor,</span> 
     </span>
     <span class='ocr_line' id='line_1_16' title="bbox 110 2251 1218 2356; baseline 0.002 -28"><span class='ocrx_word' id='word_1_117' title='bbox 110 2315 122 2336; x_wconf 84' lang='lat'>.</span> <span class='ocrx_word' id='word_1_118' title='bbox 159 2279 259 2353; x_wconf 84' lang='lat' dir='ltr'>quem</span> <span class='ocrx_word' id='word_1_119' title='bbox 290 2261 326 2329; x_wconf 91' lang='lat' dir='ltr'>in</span> <span class='ocrx_word' id='word_1_120' title='bbox 350 2251 583 2350; x_wconf 85' lang='lat' dir='ltr'>¹uetustissima</span> <span class='ocrx_word' id='word_1_121' title='bbox 610 2261 777 2355; x_wconf 88' lang='lat' dir='ltr'>scriptura</span> <span class='ocrx_word' id='word_1_122' title='bbox 805 2259 1005 2332; x_wconf 85' lang='lat' dir='ltr'>extricanda</span> <span class='ocrx_word' id='word_1_123' title='bbox 1023 2259 1218 2356; x_wconf 84' lang='lat' dir='ltr'>impendas.</span> 
     </span>
    </p>
   </div>
   <div class='ocr_carea' id='block_1_3' title="bbox 157 2364 1226 2986">
    <p class='ocr_par' dir='ltr' id='par_1_4' title="bbox 157 2364 1226 2986">
     <span class='ocr_line' id='line_1_17' title="bbox 159 2364 1221 2492; baseline -0.002 -35"><span class='ocrx_word' id='word_1_124' title='bbox 159 2383 259 2470; x_wconf 80' lang='lat' dir='ltr'>Quod</span> <span class='ocrx_word' id='word_1_125' title='bbox 285 2396 398 2489; x_wconf 81' lang='lat' dir='ltr'>autem</span> <span class='ocrx_word' id='word_1_126' title='bbox 425 2387 468 2458; x_wconf 85' lang='lat' dir='ltr'>ad</span> <span class='ocrx_word' id='word_1_127' title='bbox 501 2410 558 2462; x_wconf 90' lang='lat' dir='ltr'>res</span> <span class='ocrx_word' id='word_1_128' title='bbox 592 2383 766 2482; x_wconf 84' lang='lat' dir='ltr'>scriptura</span> <span class='ocrx_word' id='word_1_129' title='bbox 792 2364 1057 2492; x_wconf 85' lang='lat' dir='ltr'>comprehensas</span> <span class='ocrx_word' id='word_1_130' title='bbox 1090 2389 1221 2476; x_wconf 81' lang='lat' dir='ltr'>attinet,</span> 
     </span>
     <span class='ocr_line' id='line_1_18' title="bbox 157 2499 1226 2610; baseline 0.004 -30"><span class='ocrx_word' id='word_1_131' title='bbox 157 2513 388 2605; x_wconf 80' lang='lat' dir='ltr'>antiquissima</span> <span class='ocrx_word' id='word_1_132' title='bbox 408 2513 546 2608; x_wconf 79' lang='lat' dir='ltr'>quidem</span> <span class='ocrx_word' id='word_1_133' title='bbox 570 2499 735 2610; x_wconf 87' lang='lat' dir='ltr'>scriptura</span> <span class='ocrx_word' id='word_1_134' title='bbox 758 2516 906 2608; x_wconf 83' lang='lat' dir='ltr'>juridici,</span> <span class='ocrx_word' id='word_1_135' title='bbox 932 2515 1044 2587; x_wconf 89' lang='lat' dir='ltr'>media</span> <span class='ocrx_word' id='word_1_136' title='bbox 1061 2533 1148 2586; x_wconf 84' lang='lat' dir='ltr'>vero</span> <span class='ocrx_word' id='word_1_137' title='bbox 1167 2515 1226 2599; x_wconf 51' lang='lat' dir='ltr'>sii-x</span> 
     </span>
     <span class='ocr_line' id='line_1_19' title="bbox 157 2621 1221 2735; baseline -0.003 -20"><span class='ocrx_word' id='word_1_138' title='bbox 157 2637 245 2715; x_wconf 86' lang='lat' dir='ltr'>milis</span> <span class='ocrx_word' id='word_1_139' title='bbox 273 2649 373 2734; x_wconf 83' lang='lat' dir='ltr'>atquc</span> <span class='ocrx_word' id='word_1_140' title='bbox 394 2641 587 2713; x_wconf 63' lang='lat' dir='ltr'>&#39;novissima</span> <span class='ocrx_word' id='word_1_141' title='bbox 612 2644 803 2733; x_wconf 71' lang='lat' dir='ltr'>argumenti</span> <span class='ocrx_word' id='word_1_142' title='bbox 827 2621 902 2728; x_wconf 64' lang='lat' dir='ltr'>est,</span> <span class='ocrx_word' id='word_1_143' title='bbox 923 2649 1002 2711; x_wconf 82' lang='lat' dir='ltr'>nam</span> <span class='ocrx_word' id='word_1_144' title='bbox 1028 2643 1101 2735; x_wconf 88' lang='lat' dir='ltr'>ipsa</span> <span class='ocrx_word' id='word_1_145' title='bbox 1129 2661 1221 2733; x_wconf 89' lang='lat' dir='ltr'>quo-</span> 
     </span>
     <span class='ocr_line' id='line_1_20' title="bbox 158 2761 1220 2858; baseline 0.002 -28"><span class='ocrx_word' id='word_1_146' title='bbox 158 2783 225 2856; x_wconf 84' lang='lat' dir='ltr'>que</span> <span class='ocrx_word' id='word_1_147' title='bbox 253 2782 299 2831; x_wconf 88' lang='lat' dir='ltr'>ex</span> <span class='ocrx_word' id='word_1_148' title='bbox 327 2764 363 2834; x_wconf 83' lang='lat' dir='ltr'>S.</span> <span class='ocrx_word' id='word_1_149' title='bbox 392 2765 595 2858; x_wconf 69' lang='lat' dir='ltr'>Hieronymi</span> <span class='ocrx_word' id='word_1_150' title='bbox 622 2764 783 2857; x_wconf 88' lang='lat' dir='ltr'>operibus</span> <span class='ocrx_word' id='word_1_151' title='bbox 816 2767 983 2834; x_wconf 89' lang='lat' dir='ltr'>manavit:</span> <span class='ocrx_word' id='word_1_152' title='bbox 1016 2761 1111 2833; x_wconf 86' lang='lat' dir='ltr'>velut</span> <span class='ocrx_word' id='word_1_153' title='bbox 1137 2761 1220 2834; x_wconf 88' lang='lat' dir='ltr'>folio</span> 
     </span>
     <span class='ocr_line' id='line_1_21' title="bbox 159 2884 1221 2986; baseline 0.002 -28"><span class='ocrx_word' id='word_1_154' title='bbox 159 2884 284 2960; x_wconf 78' lang='lat' dir='ltr'>CXIV.</span> <span class='ocrx_word' id='word_1_155' title='bbox 314 2897 410 2960; x_wconf 89' lang='lat' dir='ltr'>recto</span> <span class='ocrx_word' id='word_1_156' title='bbox 436 2911 518 2986; x_wconf 87' lang='lat' dir='ltr'>pars</span> <span class='ocrx_word' id='word_1_157' title='bbox 546 2889 712 2985; x_wconf 85' lang='lat' dir='ltr'>epistolae</span> <span class='ocrx_word' id='word_1_158' title='bbox 738 2888 781 2960; x_wconf 87' lang='lat' dir='ltr'>ad</span> <span class='ocrx_word' id='word_1_159' title='bbox 799 2886 1033 2966; x_wconf 86' lang='lat' dir='ltr'>Heliodorum¹</span> <span class='ocrx_word' id='word_1_160' title='bbox 1049 2887 1095 2960; x_wconf 86' lang='lat' dir='ltr'>tle</span> <span class='ocrx_word' id='word_1_161' title='bbox 1120 2887 1221 2960; x_wconf 79' lang='lat' dir='ltr'>laude</span> 
     </span>
    </p>
   </div>
   <div class='ocr_carea' id='block_1_4' title="bbox 156 3144 1223 3883">
    <p class='ocr_par' dir='ltr' id='par_1_5' title="bbox 156 3144 1223 3883">
     <span class='ocr_line' id='line_1_22' title="bbox 234 3144 1223 3214; baseline -0.002 -14"><span class='ocrx_word' id='word_1_162' title='bbox 234 3151 268 3192; x_wconf 72' lang='grc' dir='ltr'>Η</span> <span class='ocrx_word' id='word_1_163' title='bbox 290 3146 359 3214; x_wconf 74' lang='lat' dir='ltr'>(Sic,</span> <span class='ocrx_word' id='word_1_164' title='bbox 383 3163 437 3200; x_wconf 88' lang='lat' dir='ltr'>ncn</span> <span class='ocrx_word' id='word_1_165' title='bbox 456 3164 511 3200; x_wconf 83' lang='lat' dir='ltr'>nna</span> <span class='ocrx_word' id='word_1_166' title='bbox 530 3154 558 3201; x_wconf 86' lang='lat' dir='ltr'>ct</span> <span class='ocrx_word' id='word_1_167' title='bbox 574 3144 725 3214; x_wconf 79' lang='lat' dir='ltr'>sexaginta,</span> <span class='ocrx_word' id='word_1_168' title='bbox 744 3153 775 3200; x_wconf 89' lang='lat' dir='ltr'>ut</span> <span class='ocrx_word' id='word_1_169' title='bbox 792 3147 820 3200; x_wconf 90' lang='lat' dir='ltr'>in</span> <span class='ocrx_word' id='word_1_170' title='bbox 837 3144 928 3208; x_wconf 74' lang='lat' dir='ltr'>nnn.</span> <span class='ocrx_word' id='word_1_171' title='bbox 949 3146 1082 3200; x_wconf 82' lang='lat' dir='ltr'>dixeram:</span> <span class='ocrx_word' id='word_1_172' title='bbox 1100 3161 1162 3198; x_wconf 81' lang='lat' dir='ltr'>nam</span> <span class='ocrx_word' id='word_1_173' title='bbox 1179 3144 1223 3198; x_wconf 82' lang='lat' dir='ltr'>sc·</span> 
     </span>
     <span class='ocr_line' id='line_1_23' title="bbox 157 3235 1223 3316; baseline 0 -22"><span class='ocrx_word' id='word_1_174' title='bbox 157 3242 221 3297; x_wconf 90' lang='lat' dir='ltr'>lium</span> <span class='ocrx_word' id='word_1_175' title='bbox 241 3247 347 3296; x_wconf 84' lang='lat' dir='ltr'>rectum</span> <span class='ocrx_word' id='word_1_176' title='bbox 365 3243 493 3310; x_wconf 71' lang='lat' dir='ltr'>exurit,</span> <span class='ocrx_word' id='word_1_177' title='bbox 517 3244 590 3314; x_wconf 85' lang='lat' dir='ltr'>quod</span> <span class='ocrx_word' id='word_1_178' title='bbox 614 3243 653 3296; x_wconf 90' lang='lat' dir='ltr'>ibi</span> <span class='ocrx_word' id='word_1_179' title='bbox 675 3242 746 3316; x_wconf 84' lang='lat' dir='ltr'>inter</span> <span class='ocrx_word' id='word_1_180' title='bbox 767 3242 834 3296; x_wconf 83' lang='lat' dir='ltr'>folia</span> <span class='ocrx_word' id='word_1_181' title='bbox 856 3235 897 3296; x_wconf 77' lang='lat' dir='ltr'>tis</span> <span class='ocrx_word' id='word_1_182' title='bbox 915 3241 1046 3310; x_wconf 83' lang='lat' dir='ltr'>rescripta</span> <span class='ocrx_word' id='word_1_183' title='bbox 1064 3253 1223 3294; x_wconf 74' lang='lat' dir='ltr'>numerave-</span> 
     </span>
     <span class='ocr_line' id='line_1_24' title="bbox 157 3335 1221 3406; baseline -0.001 -17"><span class='ocrx_word' id='word_1_184' title='bbox 157 3336 416 3403; x_wconf 63' lang='lat' dir='ltr'>ram,„Biclrmic</span> <span class='ocrx_word' id='word_1_185' title='bbox 443 3341 512 3389; x_wconf 82' lang='lat' dir='ltr'>teste</span> <span class='ocrx_word' id='word_1_186' title='bbox 536 3337 651 3406; x_wconf 84' lang='lat' dir='ltr'>simplici</span> <span class='ocrx_word' id='word_1_187' title='bbox 676 3337 734 3389; x_wconf 87' lang='lat' dir='ltr'>vice</span> <span class='ocrx_word' id='word_1_188' title='bbox 758 3336 918 3406; x_wconf 84' lang='lat' dir='ltr'>rescriptum</span> <span class='ocrx_word' id='word_1_189' title='bbox 941 3340 991 3388; x_wconf 86' lang='lat' dir='ltr'>est.</span> <span class='ocrx_word' id='word_1_190' title='bbox 1027 3337 1175 3388; x_wconf 83' lang='lat' dir='ltr'>Praeterea</span> <span class='ocrx_word' id='word_1_191' title='bbox 1192 3335 1221 3388; x_wconf 88' lang='lat' dir='ltr'>in</span> 
     </span>
     <span class='ocr_line' id='line_1_25' title="bbox 157 3411 1221 3500; baseline -0.002 -16"><span class='ocrx_word' id='word_1_192' title='bbox 157 3411 311 3498; x_wconf 78' lang='lat' dir='ltr'>catalogum</span> <span class='ocrx_word' id='word_1_193' title='bbox 336 3431 460 3483; x_wconf 88' lang='lat' dir='ltr'>foliorum</span> <span class='ocrx_word' id='word_1_194' title='bbox 490 3429 621 3500; x_wconf 88' lang='lat' dir='ltr'>triplicem</span> <span class='ocrx_word' id='word_1_195' title='bbox 646 3431 806 3500; x_wconf 87' lang='lat' dir='ltr'>scripturam</span> <span class='ocrx_word' id='word_1_196' title='bbox 829 3427 1028 3496; x_wconf 85' lang='lat' dir='ltr'>exhibentium,</span> <span class='ocrx_word' id='word_1_197' title='bbox 1052 3447 1133 3497; x_wconf 85' lang='lat' dir='ltr'>quam</span> <span class='ocrx_word' id='word_1_198' title='bbox 1158 3429 1221 3482; x_wconf 89' lang='lat' dir='ltr'>huic</span> 
     </span>
     <span class='ocr_line' id='line_1_26' title="bbox 156 3517 1221 3594; baseline -0.004 -14"><span class='ocrx_word' id='word_1_199' title='bbox 156 3527 337 3594; x_wconf 73' lang='lat' dir='ltr'>Praetutianis</span> <span class='ocrx_word' id='word_1_200' title='bbox 355 3529 416 3579; x_wconf 91' lang='lat' dir='ltr'>lccc</span> <span class='ocrx_word' id='word_1_201' title='bbox 430 3526 459 3578; x_wconf 85' lang='lat' dir='ltr'>in</span> <span class='ocrx_word' id='word_1_202' title='bbox 472 3527 522 3580; x_wconf 85' lang='lat' dir='ltr'>Ed.</span> <span class='ocrx_word' id='word_1_203' title='bbox 532 3529 556 3579; x_wconf 92' lang='lat' dir='ltr'>l.</span> <span class='ocrx_word' id='word_1_204' title='bbox 572 3525 750 3592; x_wconf 76' lang='lat' dir='ltr'>subieceram,</span> <span class='ocrx_word' id='word_1_205' title='bbox 768 3527 822 3581; x_wconf 79' lang='lat' dir='ltr'>alia</span> <span class='ocrx_word' id='word_1_206' title='bbox 839 3527 972 3594; x_wconf 82' lang='lat' dir='ltr'>quaedam</span> <span class='ocrx_word' id='word_1_207' title='bbox 989 3517 1088 3578; x_wconf 72' lang='lat' dir='ltr'>inentia</span> <span class='ocrx_word' id='word_1_208' title='bbox 1104 3525 1221 3594; x_wconf 79' lang='lat' dir='ltr'>irrepse-</span> 
     </span>
     <span class='ocr_line' id='line_1_27' title="bbox 157 3611 1222 3692; baseline -0.003 -17"><span class='ocrx_word' id='word_1_209' title='bbox 157 3628 225 3675; x_wconf 83' lang='lat' dir='ltr'>rant.</span> <span class='ocrx_word' id='word_1_210' title='bbox 263 3624 318 3674; x_wconf 85' lang='lat' dir='ltr'>lam</span> <span class='ocrx_word' id='word_1_211' title='bbox 337 3621 497 3688; x_wconf 80' lang='lat' dir='ltr'>castigatum</span> <span class='ocrx_word' id='word_1_212' title='bbox 520 3636 643 3690; x_wconf 87' lang='lat' dir='ltr'>propono</span> <span class='ocrx_word' id='word_1_213' title='bbox 665 3619 796 3676; x_wconf 58' lang='lat' dir='ltr'>indicem,</span> <span class='ocrx_word' id='word_1_214' title='bbox 823 3622 899 3690; x_wconf 51' lang='lat' dir='ltr'>¹Sunt</span> <span class='ocrx_word' id='word_1_215' title='bbox 920 3619 1069 3692; x_wconf 20' lang='lat' dir='ltr'>igiturlbis</span> <span class='ocrx_word' id='word_1_216' title='bbox 1091 3611 1222 3690; x_wconf 70' lang='lat' dir='ltr'>rescripta</span> 
     </span>
     <span class='ocr_line' id='line_1_28' title="bbox 156 3715 1221 3792; baseline -0.002 -24"><span class='ocrx_word' id='word_1_217' title='bbox 156 3717 203 3769; x_wconf 86' lang='lat' dir='ltr'>sol.</span> <span class='ocrx_word' id='word_1_218' title='bbox 221 3719 275 3769; x_wconf 84' lang='lat' dir='ltr'>Lx.</span> <span class='ocrx_word' id='word_1_219' title='bbox 301 3718 546 3792; x_wconf 54' lang='lat' dir='ltr'>Lx11.5-vatii.</span> <span class='ocrx_word' id='word_1_220' title='bbox 571 3719 663 3769; x_wconf 82' lang='lat' dir='ltr'>Lxxt.</span> <span class='ocrx_word' id='word_1_221' title='bbox 688 3717 953 3772; x_wconf 71' lang='lat' dir='ltr'>Lixum-LXXX.</span> <span class='ocrx_word' id='word_1_222' title='bbox 980 3715 1221 3768; x_wconf 80' lang='lat' dir='ltr'>exiit—cxvii.</span> 
     </span>
     <span class='ocr_line' id='line_1_29' title="bbox 158 3800 1221 3883; baseline -0.002 -19"><span class='ocrx_word' id='word_1_223' title='bbox 158 3813 248 3866; x_wconf 80' lang='lat' dir='ltr'>cxix.</span> <span class='ocrx_word' id='word_1_224' title='bbox 264 3812 342 3865; x_wconf 85' lang='lat' dir='ltr'>cxx.</span> <span class='ocrx_word' id='word_1_225' title='bbox 358 3800 691 3881; x_wconf 60' lang='lat' dir='ltr'>cxxtt.-cxxv.jitem</span> <span class='ocrx_word' id='word_1_226' title='bbox 705 3809 857 3864; x_wconf 71' lang='lat' dir='ltr'>sartatecta</span> <span class='ocrx_word' id='word_1_227' title='bbox 872 3812 963 3883; x_wconf 76' lang='lat' dir='ltr'>cxix.</span> <span class='ocrx_word' id='word_1_228' title='bbox 978 3809 1091 3864; x_wconf 84' lang='lat' dir='ltr'>nxxxr.</span> <span class='ocrx_word' id='word_1_229' title='bbox 1107 3809 1221 3864; x_wconf 82' lang='lat' dir='ltr'>cxxvi.</span> 
     </span>
    </p>
   </div>
   <div class='ocr_carea' id='block_1_5' title="bbox 1 3907 571 3972">
    <p class='ocr_par' dir='ltr' id='par_1_6' title="bbox 1 3907 571 3972">
     <span class='ocr_line' id='line_1_30' title="bbox 1 3907 571 3972; baseline 0.016 -20"><span class='ocrx_word' id='word_1_230' title='bbox 1 3923 4 3930; x_wconf 95' lang='lat'><em>·</em></span> <span class='ocrx_word' id='word_1_231' title='bbox 64 3925 66 3928; x_wconf 52' lang='lat'>&gt;</span> <span class='ocrx_word' id='word_1_232' title='bbox 158 3911 187 3956; x_wconf 91' lang='lat' dir='ltr'>et</span> <span class='ocrx_word' id='word_1_233' title='bbox 204 3907 297 3959; x_wconf 82' lang='lat' dir='ltr'>folium</span> <span class='ocrx_word' id='word_1_234' title='bbox 316 3923 437 3962; x_wconf 79' lang='lat' dir='ltr'>auersum</span> <span class='ocrx_word' id='word_1_235' title='bbox 456 3907 571 3972; x_wconf 73' lang='lat' dir='ltr'>cxxii.)</span> 
     </span>
    </p>
   </div>
   <div class='ocr_carea' id='block_1_6' title="bbox 216 4061 1014 4214">
    <p class='ocr_par' dir='ltr' id='par_1_7' title="bbox 216 4061 1014 4214">
     <span class='ocr_line' id='line_1_31' title="bbox 216 4061 794 4116; baseline 0.007 -7"><span class='ocrx_word' id='word_1_236' title='bbox 216 4065 269 4100; x_wconf 30' lang='lat'>*¹⁵</span> <span class='ocrx_word' id='word_1_237' title='bbox 290 4061 368 4113; x_wconf 78' lang='lat' dir='ltr'>Folia</span> <span class='ocrx_word' id='word_1_238' title='bbox 387 4063 614 4114; x_wconf 70' lang='lat' dir='ltr'>auersa&#39;Liinii.</span> <span class='ocrx_word' id='word_1_239' title='bbox 634 4065 662 4112; x_wconf 85' lang='lat' dir='ltr'>et</span> <span class='ocrx_word' id='word_1_240' title='bbox 681 4061 794 4116; x_wconf 86' lang='lat' dir='ltr'>cxvtn.</span> 
     </span>
     <span class='ocr_line' id='line_1_32' title="bbox 807 4148 1014 4214; baseline 0.029 -43"><span class='ocrx_word' id='word_1_241' title='bbox 807 4167 810 4171; x_wconf 96' lang='lat'>.</span> <span class='ocrx_word' id='word_1_242' title='bbox 966 4148 986 4214; x_wconf 81' lang='lat' dir='ltr'>b</span> <span class='ocrx_word' id='word_1_243' title='bbox 1003 4157 1014 4183; x_wconf 68' lang='lat' dir='ltr'>ap</span> 
     </span>
    </p>
   </div>
   <div class='ocr_carea' id='block_1_7' title="bbox 0 0 1528 4792">
    <p class='ocr_par' dir='ltr' id='par_1_8' title="bbox 0 0 1528 4792">
     <span class='ocr_line' id='line_1_33' title="bbox 0 0 1528 4792; baseline 0 2"><span class='ocrx_word' id='word_1_244' title='bbox 0 0 1528 4792; x_wconf 95' lang='lat' dir='ltr'> </span> 
     </span>
    </p>
   </div>
  </div>
 </body>
</html>
