3048 4792
302 305 360 356 utv
647 289 853 346 PRAEFATIO
872 287 1043 342 llDl'l'OlllS

306 469 489 542 editionem
515 477 651 542 seertus
679 462 801 540 somffi.
842 465 921 538 Vno
939 464 1115 557 alteroque
1132 459 1211 534 loco
1229 457 1369 553 leiani

308 617 441 692 quoque
458 595 678 689 Fragmenta,
697 615 841 689 quorum
859 615 936 664 cum
954 590 1030 685 Gaii
1047 586 1316 663 Institutionibus
1333 587 1371 658 in

308 724 504 796 universum
521 745 665 818 magnus
684 743 874 796 consensus
892 730 958 812 est,
981 717 1245 816 comparabonis
1261 736 1374 811 pree·-

307 848 453 922 buerunt
471 853 664 924 materiam:
684 847 804 944 quibus
820 847 906 922 locis
923 847 967 920 ad
985 869 1061 920 eam
1076 848 1226 918 maxime
1243 841 1373 914 leetio-

281 967 284 976 ’
308 1000 401 1067 nem,
425 999 526 1072 pram
544 977 659 1052 codex
675 976 862 1050 Vaticanus
881 975 996 1065 habet,
1022 971 1172 1068 respexi.
1218 969 1374 1042 Tandem

310 1102 420 1178 sicubi
447 1103 489 1175 ab
516 1106 558 1178 iis
586 1102 661 1197 Gaji
689 1101 949 1200 speciminibus,
975 1121 1062 1196 quae
1088 1121 1109 1170 e
1135 1095 1311 1172 llalieio
1338 1104 1376 1168 et

313 1251 361 1300 ex
377 1229 599 1313 Niebuhrii
623 1228 827 1326 apographis
840 1232 910 1323 jem
927 1236 1007 1301 ante
1024 1225 1116 1298 edita
1131 1223 1280 1313 fueram,
1301 1245 1376 1298 no-

314 1365 384 1429 stra
403 1356 603 1430 deflecteret
622 1357 739 1447 editio,
767 1379 812 1428 ne
839 1355 919 1450 quid
944 1358 980 1427 in
1007 1375 1051 1428 eo
1073 1375 1206 1447 genere
1230 1350 1377 1426 deside·

314 1493 462 1575 raretur,
488 1485 555 1558 hoc
582 1507 715 1580 quoque
741 1494 777 1556 ut
803 1493 1002 1558 enumerem
1028 1480 1223 1554 iaciendum
1250 1480 1342 1554 duxi.

419 1611 575 1684 Alterum
599 1614 853 1685 annotationum
876 1633 999 1705 genus,
1027 1609 1117 1704 quod
1135 1619 1289 1682 extrema
1308 1628 1377 1678 ee-

316 1758 383 1830 que
401 1744 495 1812 secta
513 1738 652 1811 exhibet
667 1741 806 1835 pagina,
826 1762 869 1812 eo
888 1739 1032 1814 consilio
1056 1737 1197 1830 subjeci,
1220 1744 1256 1806 ut
1278 1733 1378 1806 locos

314 1863 350 1932 in
377 1865 611 1960 superioribus
638 1867 912 1942 annotationibus
940 1891 1016 1940 eum
1044 1873 1207 1938 contexto
1234 1860 1378 1936 collatos

316 1993 507 2060 accuratius
533 1991 738 2078 indicarem,
772 1990 925 2083 aliosque
950 2000 1151 2084 praeterea,
1179 1986 1235 2077 qui
1261 1985 1379 2060 similis
1452 2036 1455 2044 -

317 2125 436 2188 essent
453 2116 656 2206 argumenti,
684 2113 880 2206 allegarem.
925 2115 998 2187 llos
1017 2123 1132 2184 tamen
1147 2110 1246 2184 locos
1262 2110 1304 2182 ab
1320 2114 1376 2203 iis,

318 2227 557 2332 quorumnam
583 2248 782 2332 argumenta
809 2239 926 2329 modo,
953 2239 1016 2312 sed
1044 2239 1144 2310 etiam
1165 2237 1273 2314 verba
1300 2261 1377 2312 cum

320 2373 482 2438 contexto
502 2367 710 2461 conspirant,
737 2366 933 2461 praeposita
950 2387 1041 2439 voce
1060 2367 1295 2460 conferetur,
1318 2363 1378 2438 vel

320 2491 575 2584 conferantur
594 2490 736 2584 (Geni.)
757 2492 939 2586 diligenter
966 2493 1114 2566 distinxi.
1156 2493 1211 2564 Ne
1234 2493 1379 2565 veroin

320 2614 497 2690 laudandis
525 2617 687 2691 similibus
714 2618 799 2691 locis
827 2620 949 2690 nimius
976 2641 1103 2709 essem
1129 2618 1250 2690 modus
1278 2617 1380 2690 adbi-

216 2821 218 2825 ,
320 2741 453 2818 bendus
480 2743 552 2818 fuit.
598 2747 716 2841 ltaque
740 2747 795 2840 qui
820 2745 888 2818 loci
914 2748 950 2818 in
965 2746 1137 2842 Epiruma,
1164 2746 1199 2816 in
1215 2745 1380 2816 Iustinia-

320 2873 395 2944 ueis
423 2871 691 2946 Institutionibus
720 2882 753 2945 et
778 2875 815 2944 in
842 2871 979 2968 leiani
1005 2874 1220 2966 Fragmentis
1249 2879 1379 2959 exunt,

397 3099 431 3136 ⁰⁸
453 3096 604 3150 Novissima
621 3097 752 3152 Prisciani
771 3097 871 3164 editio,
896 3113 975 3165 quam
999 3096 1103 3150 curavit
1125 3095 1293 3150 doctissimus
1311 3095 1381 3146 Au-

323 3193 450 3254 gustus
468 3191 569 3245 Krehl
587 3193 696 3260 (prodiit
708 3192 817 3260 Lipsiae
832 3209 857 3244 a.
873 3193 951 3245 1819.
958 3193 1001 3246 20.
1021 3193 1126 3244 duobos
1138 3191 1323 3245 Voluminibus
1335 3189 1380 3256 8.),

322 3280 401 3346 cujus
415 3282 599 3351 inspiciendae
612 3285 769 3338 facultatem
783 3303 854 3340 nune
868 3287 973 3339 demum
985 3291 1079 3338 nactus
1093 3303 1161 3352 sum,
1172 3284 1277 3350 eaGaji
1290 3285 1380 3349 verba,

322 3393 392 3444 quae
407 3377 555 3444 posteriore
566 3381 625 3432 loeo
637 3383 738 3448 allegat
748 3381 911 3448 Priscianus,
929 3382 1050 3450 pleniora
1069 3382 1188 3447 exhibet,
1207 3397 1288 3448 quam
1307 3377 1379 3446 apud

323 3471 516 3524 Putschium
539 3476 675 3540 teguntur,
710 3478 780 3529 Nam
798 3459 858 3530 cum
877 3475 916 3527 ite
933 3475 1032 3528 babeat
1049 3475 1196 3530 Putschius
1212 3475 1284 3541 (pag.
1296 3473 1380 3540 726.):

324 3569 373 3632 „ln
387 3561 470 3618 eode:
491 3569 540 3631 Qai
555 3568 650 3620 librom
664 3587 773 3624 oaorem
788 3577 888 3636 teocot,
902 3573 946 3638 qaod
958 3574 1113 3638 impellatur
1124 3567 1291 3636 libripens.'';
1310 3567 1379 3635 apud

324 3661 494 3713 Kreblium
513 3663 582 3728 (Vol.
593 3664 614 3714 1.
632 3680 694 3730 pag.
707 3666 767 3736 2875
780 3665 832 3731 88.)
858 3664 944 3735 priori
966 3669 1010 3732 qai
1034 3665 1182 3734 praemissa
1205 3666 1269 3714 erunt
1286 3663 1380 3714 verbe:

325 3759 493 3822 „Praetereo
511 3760 565 3810 alio
585 3759 701 3826 ejusdem
719 3760 907 3811 conditionis”.
943 3761 1018 3812 Haec
1037 3765 1126 3812 tamen
1144 3759 1226 3812 verba
1245 3759 1278 3809 ab
1297 3754 1381 3809 omni-

324 3851 375 3901 bns
389 3849 445 3902 suis
458 3850 596 3904 codicibus
610 3854 704 3905 abesse
717 3852 776 3921 ipse
790 3853 946 3906 Krehlius
966 3860 1093 3919 testatum
1114 3855 1184 3906 unde
1203 3869 1236 3904 ea
1253 3853 1287 3904 ab
1306 3854 1381 3903 ante-

325 3943 440 3996 rioribus
454 3943 585 3998 Prisciani
600 3947 747 4000 editoribus
762 3962 796 3997 ex
809 3947 923 3998 Boethio
937 3947 965 3999 in
977 3947 1108 4000 Prisciani
1123 3953 1279 4000 contextum
1297 3951 1387 4023 trono-¹

326 4039 381 4091 lata
400 4056 458 4091 esse
476 4040 606 4108 suspicor.
625 4070 660 4080 -·
679 4041 758 4094 Comi.
779 4040 865 4106 Gajus
885 4043 1065 4094 Commentur.
1078 4045 1098 4094 l.
1117 4041 1143 4109 §.
1157 4043 1217 4094 119.
