3048 4792
407 305 541 358 surum
561 302 724 356 unrrrcnu
741 302 949 357 emersisse.
1126 273 1129 278 ¹
1152 319 1210 368 uru

152 498 238 570 rem,
266 491 393 570 certos,
421 503 506 575 quos
523 498 592 552 non
611 478 813 572 egrederer,
840 478 926 552 lines
944 479 1022 552 mni
1039 483 1206 554 constitui.

151 607 236 678 Num
262 617 401 703 praeter
427 607 692 680 Hsloundrinum
719 614 754 676 et
780 605 1012 678 Florentinum
1037 607 1207 700 Digesto·-

149 753 236 824 rum,
263 734 345 806 item
361 729 639 822 Heloendrinum,
664 729 891 823 Criuoiunum,
919 741 954 806 et
969 732 1207 806 Bienerieuam

150 859 399 932 Institutionum
430 859 632 949 lectionem,
664 857 785 930 nullius
818 881 930 954 neque
964 859 1061 950 editi,
1094 882 1206 956 neque

36 1037 38 1043 -
148 989 264 1080 scripti
290 984 366 1057 libri
390 987 592 1060 vadentem
614 985 768 1079 respexi,
795 985 861 1056 nisi
879 1006 978 1078 quum
1000 989 1036 1060 in
1053 987 1204 1080 Digestis
1241 977 1244 982 ’

147 1111 427 1202 aG-eheuer'o,
454 1115 489 1184 in
513 1109 781 1186 institutionibus
808 1111 1028 1205 uBiencro
1056 1121 1204 1186 minctu-
1233 1182 1234 1186 ,

146 1249 214 1312 tem
239 1239 404 1312 viderem.
455 1239 576 1332 Neque
593 1239 701 1312 .aliter
728 1236 927 1312 aberrantes
953 1238 1120 1312 lectiones
1148 1239 1203 1346 el-

143 1361 272 1459 legavi,
300 1388 399 1460 quum
426 1368 455 1438 si
481 1365 540 1437 vel
566 1388 743 1460 nusquam,
770 1365 830 1438 vel
851 1369 886 1436 in
910 1364 982 1438 sols
998 1366 1204 1440 Bieneriunu

146 1493 393 1566 institutionum
410 1493 574 1584 editione,
598 1493 689 1566 nullo
711 1492 847 1566 laudaro
870 1502 1024 1583 auctore,
1051 1493 1208 1565 contexti

37 1677 43 1686 ,
143 1624 252 1693 nostri
274 1621 457 1692 lectionem
474 1619 631 1694 exhiberi
655 1620 892 1713 intelligerem.
932 1619 1073 1704 Quoties
1090 1628 1202 1690 nutem
1335 1610 1339 1614 ’

145 1747 293 1817 eundem
321 1745 395 1836 Guji
421 1746 533 1818 locum
561 1757 596 1818 et
621 1751 656 1818 in
677 1747 836 1837 »Digestis
862 1747 959 1816 etin
985 1746 1200 1818 lustlniuneis

144 1869 413 1948 Institutionihus
432 1873 636 1965 reperirem,
662 1871 780 1965 herum
798 1879 866 1944 tum
883 1869 1019 1942 demum
1036 1872 1201 1941 rationem

78 2038 82 2049 ,
143 1997 257 2088 habui,
285 2020 360 2070 cum
377 2001 412 2068 in
430 1995 586 2091 ehqrmm,
597 2000 686 2069 inter
703 1997 847 2088 Digesto
866 2003 901 2066 et
917 2003 1115 2066 contextum
1130 2018 1207 2068 no·¹
1258 2064 1261 2072 ,

43 2187 45 2194 .
143 2135 249 2198 strum
274 2125 431 2198 lectionis
455 2125 690 2198 diversitatem
717 2122 915 2194 inciderem.
960 2121 1061 2208 Quod
1076 2123 1120 2194 sd
1136 2147 1201 2194 re-

141 2252 255 2347 liquos.
274 2252 354 2326 illos
373 2251 480 2326 libros
497 2253 627 2340 attinet,
655 2249 774 2345 quihus
794 2252 895 2322 etiem
917 2247 1018 2342 ntiqui
1038 2246 1112 2341 ani
1133 2248 1200 2320 loci

142 2384 376 2468 continentur,
394 2383 429 2451 in
441 2380 669 2452 Mosaioarum
681 2386 715 2448 et
727 2378 958 2449 Romanorum
970 2375 1100 2469 Legum
1113 2373 1200 2448 Col-

141 2505 267 2578 lulionc
282 2516 424 2601 praeter
441 2506 626 2598 vulgatam,
651 2503 863 2596 scaligerum
876 2504 1028 2575 maxime
1046 2523 1199 2598 apogra-

141 2631 198 2726 phi
225 2642 259 2704 et
276 2633 582 2725 Heidelbergensis
610 2631 767 2702 editionis
788 2632 837 2720 (a.
859 2628 990 2718 1656.)
1017 2628 1199 2700 lectionem

142 2757 312 2828 consului:
346 2758 480 2828 Boethii
513 2767 625 2828 nutem
657 2758 693 2824 in
726 2757 856 2846 Topica
882 2751 1060 2823 Ciceronis
1089 2750 1198 2822 Com-

141 2885 325 2954 mentarios
359 2881 545 2954 secundum
571 2879 806 2952 Bsslleensem
834 2878 983 2973 Operum
1016 2875 1201 2947 editionem

142 3011 192 3100 (a.
213 3009 343 3101 1570.)
372 3008 516 3095 contuli3
544 3010 589 3077 itu
617 3015 742 3095 tumen,
769 3015 805 3076 ut
831 3003 1069 3097 Lugdunensis
1089 2998 1197 3073 Com-

140 3139 382 3210 mentariorum
403 3133 573 3223 editionis,
598 3154 685 3228 quse
702 3155 732 3202 a.
748 3129 857 3202 1536.
875 3127 1012 3225 prodiit,
1034 3125 1197 3200 librorum

141 3249 483 3359 manuscriptorumu
500 3262 535 3334 M
543 3281 739 3332 eermuno
764 3257 961 3329 collatorum
971 3251 1011 3345 ⁰⁰,
1039 3263 1074 3325 et
1097 3254 1196 3326 cele-

141 3391 321 3464 bratissimi
339 3389 425 3461 illius
445 3387 534 3483 apud
553 3385 707 3482 Cynum
723 3380 822 3456 loci⁰⁷
839 3385 1012 3456 variantes
1031 3379 1196 3455 lectiones

141 3541 210 3592 non
242 3517 473 3612 negligerem:
507 3517 549 3585 in
575 3513 794 3586 Priscieno
830 3509 975 3603 denique
1008 3505 1195 3582 Pu-tschii

215 3748 249 3783 Μ
272 3742 333 3794 Vid.
351 3737 490 3794 Gerardi
504 3740 668 3792 Meerman
682 3734 803 3788 Diatriba
818 3733 944 3784 derebus
958 3731 1084 3800 mancipi.
1108 3731 1197 3800 Lugd.

140 3839 200 3889 Bet.
216 3838 292 3890 1741.
310 3836 336 3904 §.
347 3837 372 3890 8.

216 3960 249 3994 ⁸⁷
272 3957 355 4008 Extat
379 3954 406 4006 in
431 3952 516 4018 Cyni
542 3948 731 4004 commentario
757 3950 792 4000 ed
814 3949 846 4002 L.
865 3963 910 4002 un.
928 3947 960 3999 C.
979 3948 1012 4000 de
1031 3947 1196 4015 usucapione

112 4041 115 4046 ⁵
142 4048 363 4102 transformanda.
399 4049 457 4100 Vid.
477 4051 557 4114 Opcr.
577 4048 619 4098 ed.
638 4043 763 4098 Francos.
782 4041 918 4108 (8.1578.)
936 4041 1069 4108 pandas.
