3048 4792
439 329 577 384 PRIMAE'
591 326 754 382 nutntottt
773 327 982 381 Pnnnmtssn.
1171 333 1242 387 bvii

186 501 415 578 adhibendum·
445 505 556 578 fuerit.
618 503 717 591 Quod
750 511 861 574 autem
895 525 1012 575 earum
1045 513 1241 577 contextum

186 631 347 725 singulari
365 655 507 705 numero
535 632 762 725 fragmentum
786 627 870 720 dixi,
896 629 931 701 id
958 632 987 702 si
1014 634 1087 725 quis
1113 655 1242 728 repre-

186 757 323 848 hendat,
350 759 473 832 lubens
491 759 658 848 concedo,
687 756 909 852 duo·proprie
927 777 1008 830 esse
1032 757 1240 851 fragmenta:

186 907 264 955 nam
292 907 380 980 qnae
405 888 440 957 in
465 887 753 981 extremo‘priore
776 883 859 956 fofio
881 872 1052 978 leguntur,
1080 907 1156 956 cum
1172 907 1244 981 po-

188 1014 341 1084 sterioris
372 1012 448 1085 iofii
479 1011 644 1108 principio
677 1013 814 1083 minime
845 1009 1102 1102 cohaerentia
1135 1015 1181 1084 ita
1207 1024 1244 1085 at

186 1136 268 1211 totta
300 1137 465 1234 quaedam
497 1141 698 1212 intermedia
737 1138 912 1234 deperdita
946 1159 1025 1212 esse
1063 1142 1244 1213 evidenter

185 1275 356 1361 appareat.
411 1269 465 1339 Dc
491 1278 632 1340 secare
658 1267 739 1340 nibil
765 1263 894 1356 habeo,
922 1267 1011 1361 qrrcd
1037 1289 1245 1341 asseverare

186 1398 327 1489 possim,
354 1407 592 1492 praeterquam
619 1396 709 1491 quod
737 1417 814 1468 eum
837 1417 858 1466 c
885 1394 1106 1467 ciassioorum
1130 1396 1243 1468 Iuris-

187 1521 418 1596 consultorum
437 1537 582 1599 numero
599 1521 798 1620 brisse'ipsa
814 1522 1085 1616 fragmentorum
1102 1527 1243 1596 materia

95 1675 102 1687 ·
188 1645 301 1740 docet,
329 1655 451 1746 quippe
478 1665 565 1746 quiae
592 1647 750 1746 magnam
768 1661 907 1747 'ponem
935 1645 977 1723 sit
1004 1672 1024 1722 e
1046 1653 1125 1743 jure
1151 1655 1246 1723 anti-

188 1771 302 1868 qucu.
361 1775 510 1872 lix-qua
537 1775 678 1849 materia
710 1778 791 1847 iilud
819 1793 952 1870 quoque
985 1777 1112 1868 suffigit
1138 1779 1247 1852 Nie-

188 1899 379 1992 bubrius‚
413 1903 627 1977 membranas
655 1899 789 1976 nostras
817 1909 903 1973 ante·
922 1901 1144 1975 occidentalis
1174 1906 1246 1974 im-

188 2031 275 2124 perii
302 2029 441 2104 exitium
469 2027 628 2106 exaratas
663 2032 767 2118 esse}
795 2051 908 2126 nequte
942 2025 1031 2100 e'nim
1059 2033 1247 2105 verisimile

188 2155 318 2248 videri,
351 2168 387 2228 ut
414 2161 487 2252 quis
519 2157 782 2255 posterioribus·
798 2155 1008 2256 temporibus
1034 2151 1109 2230 tofis
1130 2181 1247 2253 ¹argu-

189 2289 293 2357 menti
319 2281 441 2358 librani
468 2287 647 2378 transcribi
676 2288 865 2359 curaverit:
899 2285 1086 2388 Koppius
1114 2311 1160 2360 ex
1186 2289 1247 2360 lit-

261 2497 327 2566 [coa
351 2501 413 2552 Non
437 2498 523 2568 magis
547 2515 628 2572 quam
651 2498 674 2549 si
697 2514 789 2549 eorum
808 2498 928 2552 ordinem
953 2499 1153 2568 iuuertcrimus5
1176 2505 1249 2575 quod

190 2610 238 2645 cur
256 2594 315 2645 fieri
335 2612 388 2646 nou
407 2597 500 2663 possit,
519 2589 627 2648 causam
646 2593 746 2644 nuliam
768 2592 865 2664 viriae]

265 2695 298 2728 Η
315 2689 368 2754 (Ne
382 2705 453 2741 nnnc
467 2689 574 2757 quictem
587 2689 731 2756 quiequam
746 2687 862 2747 affirmo:
881 2687 1028 2753 probabitis
1042 2694 1130 2741 tamen
1145 2690 1250 2744 videtui

78 2805 80 2809 ·
190 2799 285 2837 eorum
298 2782 442 2848 sententia,
461 2783 509 2849 qui
521 2782 589 2834 bace
601 2782 753 2846 fragmenta
766 2769 855 2832 Paulo
866 2779 1008 2832 tribuenda
1024 2797 1083 2834 ease
1095 2783 1249 2863 opinantur.

191 2879 280 2934 Quam
298 2874 460 2930 sententiam
483 2875 584 2943 primus
608 2875 720 2943 protulit
739 2873 936 2928 Celeberrimos
955 2874 1249 2952 Gottscbaikiue,

191 2971 239 3039 qui
262 2988 320 3022 eam
346 2987 405 3023 cum
425 2968 572 3022 Saviuio
596 2969 811 3023 communicavit.
846 2969 962 3022 Posthac
986 2971 1043 3037 ipse
1062 2989 1078 3022 a
1097 2974 1250 3029 doctissimo

192 3066 367 3136 Caplickio
393 3065 545 3118 adrncuitus
570 3081 645 3131 sum,
670 3081 717 3131 ea,
747 3081 817 3133 quae
839 3064 1049 3130 fragmentorum
1075 3067 1102 3135 §.
1120 3073 1159 3123 19,
1186 3088 1251 3124 con,

192 3162 341 3228 tineantur,
366 3161 461 3214 iisdem
482 3159 540 3212 fere
564 3160 653 3214 verbis
676 3160 789 3229 exprimi
813 3161 873 3212 loco
898 3162 1013 3228 quedam
1035 3162 1209 3229 Digestorum
1233 3183 1250 3220 e

191 3256 270 3308 Pauli
283 3256 364 3308 Libro
377 3257 409 3308 V.
435 3254 634 3308 Sententiarum
655 3257 805 3322 desumpto,
817 3247 949 3308 'videlicet
961 3258 1043 3312 utta.
1057 3256 1083 3324 §.
1093 3261 1118 3310 3.
1138 3261 1172 3311 de
1187 3261 1249 3326 jure

193 3351 263 3404 fisci:
287 3351 315 3402 id
337 3352 409 3418 quod
431 3351 459 3403 in
478 3351 616 3404 Addendie
639 3351 673 3402 ad
692 3352 742 3403 Ed.
755 3354 780 3402 1.
798 3350 908 3417 notam.)
944 3351 1034 3420 [Penii
1057 3353 1091 3404 de
1109 3356 1169 3406 Iure
1191 3357 1251 3412 fisci

194 3447 266 3499 libris
285 3446 331 3497 alii
350 3445 565 3513 adscripserunt,
588 3445 709 3510 ejusdem
727 3446 892 3510 Regularum
913 3446 982 3498 libro
1005 3445 1135 3512 singulari
1153 3451 1252 3502 Dirb·

194 3541 308 3594 senius
326 3539 494 3606 (vermisclrte
513 3539 658 3606 Sebriftcn,
679 3539 885 3608 1841,1p.tst;
905 3545 998 3593 eontra
1016 3559 1095 3610 quern
1114 3559 1162 3612 pro
1182 3548 1251 3598 Sen-

196 3636 287 3688 tentiis
306 3651 376 3704 quae
394 3637 471 3705 potui
489 3641 649 3703 argumenta
659 3651 753 3702 nuper
772 3634 827 3686 diiii
846 3636 1015 3704 (zeitschrift
1032 3637 1076 3690 sair
1094 3640 1251 3705 gescfricbti.

196 3731 326 3783 aeonas.
341 3733 385 3798 xi,
398 3748 424 3798 p.
434 3733 502 3798 110).
538 3732 561 3783 A
579 3729 677 3782 ceteris
694 3731 776 3796 longe
796 3729 956 3784 dissentiens
969 3733 1001 3785 C.
1015 3733 1073 3786 Gn.
1087 3736 1251 3789 Walchius

199 3826 252 3890 „cle
271 3829 360 3901 aetate
380 3825 523 3892 fragmenti
542 3825 641 3878 veteris
657 3823 842 3889 tonsconsolti
862 3824 972 3892 dejure
990 3825 1070 3880 fisci''
1090 3831 1167 3881 ienae
1181 3845 1251 3882 anno

199 3918 266 3972 1838
287 3920 326 3972 ita
346 3920 506 3988 disputavit,
533 3925 562 3972 ut
584 3919 681 3974 librum
700 3937 716 3972 a
734 3919 825 3974 nescio
844 3937 898 3989 quc
914 3921 983 3986 juris
1002 3925 1125 3976 consulto
1144 3925 1253 3977 Diocle-

201 4010 263 4062 tiani
281 4015 323 4063 vei
336 4011 507 4067 Constantini
527 4020 646 4083 ternpore
660 4013 788 4084 seriptum
804 4017 922 4084 doceret,
941 4033 1044 4086 parum,
1064 4024 1093 4070 ut
1111 4019 1174 4071 mibi
1193 4018 1254 4089 qui-

201 4107 257 4159 dem
275 4107 389 4174 videtur,
407 4109 603 4178 probabititer.]
699 4103 702 4110 ’
