3048 4792
303 1139 639 1246 rnnnnnrm
669 1143 700 1228 1.
723 1141 773 1227 r.
790 1143 846 1227 u.
869 1118 1177 1229 obsonium

356 1328 536 1406 intutu
563 1328 773 1407 tenturum
800 1326 1125 1419 ΡΒΑΕΜΙΒΒΑΛ*Ι

636 1561 838 1576 ι-ι-ι-ι--ὰ

207 1750 448 1869 Bibliotheca
472 1792 674 1893 Capituiaris
698 1795 926 1885 Veronensis,
951 1795 1115 1866 librorum
1142 1799 1267 1867 manu-'

207 1924 414 2024 scriptorum
439 1922 665 2026 copialatque
684 1925 899 2018 ,praestantia
926 1919 1091 2012 celebriS,
1119 1924 1267 1994 maxime

205 2037 433 2139 membranis,
473 2071 560 2143 quae
592 2021 728 2141 juridici
752 2051 951 2141 ¹argumenti
985 2057 1079 2138 sunt,
1118 2047 1264 2120 excellit.

178 2175 301 2247 inter
335 2196 417 2268 quas
450 2151 594 2270 primum
626 2173 703 2258 iere
735 2141 938 2249 tooum'eae
965 2161 1137 2266 obtinent,
1169 2197 1265 2270 quas,

205 2281 513 2410 Reverendissimo
543 2297 696 2398 Capituio
725 2306 974 2394 consentiente,
1000 2303 1068 2376 hoc
1092 2300 1266 2374 volumine
1325 2295 1329 2303 ¹
1410 2329 1420 2351 ·

205 2433 295 2528 typis
314 2427 562 2502 exscribendas
586 2431 719 2500 curavit
734 2427 925 2502 Academia
944 2429 1170 2520 scientiarum
1187 2431 1265 2504 Re-
1358 2464 1360 2475 ·

206 2561 262 2650 gia
290 2535 484 2630 Borussioa.
541 2555 626 2631 Sunt
653 2565 765 2628 autem
791 2555 873 2629 hae:
1005 2552 1007 2565 ’

257 2684 289 2754 1.
310 2682 433 2754 Codex
449 2681 731 2754 membranaceus
749 2683 1049 2779 rescriptus,oiim
1060 2671 1156 2774 XV,
1175 2705 1266 2753 nunc
1362 2656 1386 2684 .=

246 2847 251 2858 f
305 2807 416 2893 xlii,
444 2829 510 2897 quo
538 2807 600 2879 sub
628 2805 826 2898 quibusdam
846 2807 881 2880 S.
901 2809 1103 2901 Hieronymi
1128 2809 1264 2900 scriptis

228 2940 234 2961 ³
305 2933 477 3028 genuinae
497 2930 572 3024 Gaji
590 2931 822 3004 institutiones
850 2936 1074 3006 continentur.
1125 2914 1140 2968 ¹.

254 3063 288 3134 2.
305 3060 456 3134 nonum
488 3057 662 3152 singulare
694 3058 1010 3150 membranaceum,
1048 3061 1084 3132 in
1121 3083 1187 3157 quo
1220 3061 1264 3133 de

303 3165 610 3286 praescriptionum
635 3193 668 3257 et
691 3187 948 3260 interdictorum
967 3190 1045 3279 jure
1069 3193 1263 3284 exponitur,

271 3334 276 3352 ¹
301 3319 413 3411 ipsum
432 3336 567 3410 quoque
585 3314 629 3385 ad
646 3316 814 3405 genuinos
834 3311 909 3407 Gaji
928 3313 1158 3389 institutiones
1175 3338 1263 3414 per·-

220 3505 224 3536 ,
303 3444 425 3516 tinens.
605 3443 608 3448 ’
1123 3437 1127 3444 ’

273 3653 287 3683 *
311 3653 398 3720 (Quae
417 3649 636 3712 annotationibus
655 3667 726 3702 nuno
745 3650 869 3706 addenda
886 3651 944 3706 visa
961 3643 1040 3718 sunt,
1063 3651 1139 3706 uncis
1157 3637 1264 3706 inclusi.

202 3748 336 3816 Reliqua,
361 3745 463 3802 leviore
481 3753 572 3800 tamen
590 3746 652 3810 iiie,
676 3761 746 3814 quse
765 3745 952 3800 emendatione
970 3746 1141 3813 indigebant,
1167 3748 1264 3800 tacitus
1350 3739 1355 3748 ’

204 3839 329 3908 correxi.)
360 3839 415 3908 [ita
434 3840 643 3897 Gdschenius
662 3840 927 3908 editionesecunda.
960 3844 1037 3898 Quae
1056 3858 1107 3910 ego
1127 3843 1265 3898 Carolus

205 3936 441 3996 Lachmannus
461 3935 567 4002 addidi,
585 3950 633 4002 per
651 3939 737 3989 totum
756 3939 880 3992 volumen
899 3937 1003 3998 diverso
1021 3953 1151 3996 uncorum
1165 3953 1268 4006 genere

207 4029 308 4082 circum
326 4029 412 4097 duxi.]
