3048 4792
197 363 201 374 ,
302 315 360 364 IVI
633 303 843 357 PRAEFATIO
858 299 1028 356 untionis

301 477 366 554 hus
383 477 468 552 Ioois
485 497 626 550 versum
643 481 755 552 ondsit
771 474 974 568 nonnosi,
994 477 1038 550 ob
1052 475 1211 566 eandem,
1230 477 1369 571 opinor,

304 607 488 693 radonem,
516 625 615 698 quam
643 605 933 701 supro'indioavi,
961 625 1038 676 oum
1064 603 1155 676 idem
1181 605 1217 674 in
1244 602 1368 676 oodiee

303 731 397 804 XIII.
418 732 555 825 saepius
579 753 598 802 a
615 731 756 804 librario
774 730 901 804 laetum
918 753 999 804 esse
1015 751 1206 804 monerem.
1250 729 1368 802 Prae-

302 869 399 932 terea
425 858 546 932 horum
574 855 733 930 foliorum
751 879 828 929 eum
846 858 968 930 oodioe
985 859 1082 930 XIII.
1100 859 1188 932 haee
1204 865 1368 930 estnon-

282 985 491 1074 ‘venientia
517 983 607 1077 quod
624 985 758 1079 qrridom
774 1004 900 1059 rerem
916 1007 1001 1080 prae
1019 989 1145 1059 arteris
1161 986 1368 1082 prominent,

304 1122 339 1210 et
364 1113 401 1182 in
427 1107 636 1204 quibusdam*
649 1110 722 1184 aliie
748 1132 860 1184 vanua
884 1111 1186 1208 deprehenduntnr
1211 1111 1368 1208 spatiola,

305 1235 426 1330 qubus
455 1217 689 1312 antecedentis
718 1239 850 1310 articuli
873 1244 984 1313 ornam
1003 1262 1022 1311 a
1041 1240 1216 1333 aequande
1233 1241 1368 1334 prinoi-

304 1364 362 1458 pio
387 1372 581 1457 separatur:
609 1365 754 1456 aceedit,
782 1367 873 1462 quod
898 1370 933 1440 in
955 1366 1007 1440 his
1031 1351 1167 1460 quoque
1190 1365 1369 1453 membra·-

304 1493 357 1562 nis
373 1489 475 1576 ,nullo
501 1493 671 1586 reperitur
694 1515 808 1587 neque
832 1495 1074 1591 interpunotim
1100 1515 1214 1588 neque
1230 1492 1369 1568 verbo-

304 1637 379 1686 rum
391 1615 580 1708 distinotio,
606 1619 764 1716 quodque
781 1619 981 1718 frequenter
998 1620 1093 1715 siglu
1109 1619 1268 1694 llbrarius
1284 1643 1368 1695 usus

306 1753 368 1817 est.
407 1744 497 1842 Illud
520 1757 633 1818 autem
657 1747 831 1823 divorsum
856 1761 920 1842 est,
949 1747 1160 1854 quod-hujus
1186 1747 1369 1842 fragmenti

303 1870 436 1944 litterae
463 1873 547 1964 iltis,
581 1876 700 1969 quihus
728 1876 804 1970 Gaji
823 1879 1064 1952 'Institutiones
1098 1879 1247 1968 scriptae
1279 1885 1370 1964 sunt,

304 1998 473 2092 aliquanto
492 1999 695 2088 grandiores
724 2012 817 2070 sunt:
846 2005 925 2095 quin
953 2001 1120 2092 quaedam
1145 2001 1181 2066 in
1206 2001 1281 2092 ipsa
1307 1999 1369 2070 lit-

303 2133 454 2197 terarum
481 2121 590 2215 ligura
614 2125 895 2197 animadvertitur
918 2127 1082 2212 vortetas,
1110 2145 1197 2217 qnae
1220 2128 1370 2202 maximo

242 2339 245 2344 ι
306 2255 447 2341 apparet
463 2249 498 2318 in
515 2246 635 2320 litteris
654 2249 690 2319 A
710 2260 744 2320 et
762 2249 819 2335 m·
848 2273 913 2344 qno
933 2253 1034 2321 etiam
1049 2248 1131 2322 Illud
1146 2251 1368 2328 renuendam

307 2383 377 2463 est,
411 2373 501 2469 quod
527 2373 662 2447 litterae
691 2372 743 2461 F,
772 2369 826 2463 P,
852 2373 892 2446 R
917 2375 1116 2472 plerumque
1143 2388 1366 2480 totae'snpra

305 2499 430 2570 liueeun
456 2502 589 2596 positae
617 2509 706 2592 suut,
735 2524 811 2573 oum
834 2505 868 2573 In
888 2501 963 2596 GaJi
982 2505 1103 2578 codiee
1128 2508 1218 2579 inira
1243 2509 1367 2582 ineam

159 2699 171 2720 ,
307 2628 500 2700 decurrant.
545 2628 666 2723 Neque
689 2627 779 2722 quod
798 2627 882 2720 dixi,
909 2632 944 2703 in
972 2630 1046 2725 Gaji
1074 2632 1202 2704 oodioe·
1220 2637 1367 2727 pagina·-

305 2779 390 2828 rum
406 2755 551 2830 initiales
577 2757 707 2828 lilteras
735 2754 875 2851 reliquis
901 2763 1052 2854 majores
1076 2781 1183 2850 eseep
1206 2759 1298 2860 idam
1325 2761 1368 2836 de

305 2883 372 2954 lroo
399 2882 792 2976 fragmentodicendum
811 2894 878 2957 est:
906 2888 941 2958 in
965 2889 1157 2982 posteriore
1176 2891 1266 2992 enim
1283 2889 1366 2964 lolio

306 3006 452 3080 initiales
480 3009 610 3112 primae
627 3017 836 3103 quartaeque
864 3011 1042 3086 columnae
1068 3013 1215 3106 litterae,
1243 3037 1365 3112 quam·

307 3136 361 3205 vis
388 3135 423 3202 in
450 3131 550 3204 verbi
577 3133 716 3226 alicujus
743 3139 910 3232 principio
937 3142 1070 3235 positae
1098 3143 1181 3232 dut,
1215 3143 1366 3235 ejusdem

307 3267 406 3352 atque
429 3257 581 3352 reliquae
603 3260 737 3368 litterae
762 3266 999 3366 magnitudinis
1023 3265 1121 3340 dolls
1145 3271 1242 3342 visae
1270 3277 1364 3356 sunt3

207 3469 211 3485 .
249 3440 253 3446 .
308 3394 501 3458 ceterarum
519 3387 750 3462 columnarum
776 3393 869 3462 initio
887 3392 1063 3488 deperdita
1081 3406 1169 3468 sunt.
1213 3395 1261 3466 At
1278 3417 1364 3489 pro-

307 3512 465 3583 minentis
485 3514 645 3610 cujusque
665 3522 789 3590 'versus
816 3522 923 3614 prima
949 3521 1059 3595 littera
1086 3520 1186 3616 puolo
1204 3519 1367 3614 grandior

309 3659 388 3720 esse
413 3637 510 3712 solet.
556 3637 716 3712 Ceterum
740 3645 774 3713 in
797 3643 849 3716 his
873 3647 1092 3738 membranis,
1121 3651 1274 3743 quartum
1298 3671 1366 3720 non

310 3765 498 3858 rescriptis„
526 3775 693 3840 vetustate
716 3780 828 3844 tamen
851 3775 898 3844 ita
922 3776 1101 3848 evanidam
1130 3775 1253 3852 laetam
1280 3799 1365 3869 rep-

309 3889 457 3984 perimus
486 3893 702 3986 soriptnram,
729 3906 764 3968 ut
790 3900 825 3969 in
851 3902 893 3972 iis
922 3923 1055 3996 quoque
1082 3902 1193 3994 gallae
1219 3903 1366 3978 inlusum

386 4076 419 4111 ⁷⁰
443 4073 499 4125 t'id.
518 4075 563 4127 sol.
583 4077 661 4143 prior.
683 4082 734 4134 ool.
749 4081 774 4133 4.
794 4081 840 4134 lin.
854 4084 879 4134 4.
894 4088 921 4134 et
937 4085 977 4137 17.
