<?xml version="1.0" encoding="UTF-8"?>
<!DOCTYPE html PUBLIC "-//W3C//DTD XHTML 1.0 Transitional//EN"
    "http://www.w3.org/TR/xhtml1/DTD/xhtml1-transitional.dtd">
<html xmlns="http://www.w3.org/1999/xhtml" xml:lang="en" lang="en">
 <head>
  <title>
</title>
<meta http-equiv="Content-Type" content="text/html;charset=utf-8" />
  <meta name='ocr-system' content='tesseract 3.04.00' />
  <meta name='ocr-capabilities' content='ocr_page ocr_carea ocr_par ocr_line ocrx_word'/>
</head>
<body>
  <div class='ocr_page' id='page_1' title='image "./gaiiinstitvtion00gsgoog_0056.png"; bbox 0 0 3048 4792; ppageno 0'>
   <div class='ocr_carea' id='block_1_1' title="bbox 266 247 989 313">
    <p class='ocr_par' dir='ltr' id='par_1_1' title="bbox 266 247 989 313">
     <span class='ocr_line' id='line_1_1' title="bbox 266 247 989 313; baseline -0.019 -1"><span class='ocrx_word' id='word_1_1' title='bbox 266 263 436 313; x_wconf 80' lang='lat' dir='ltr'><strong>xxxxviii</strong></span> <span class='ocrx_word' id='word_1_2' title='bbox 595 247 798 302; x_wconf 73' lang='lat' dir='ltr'><strong>PRAEFATIO</strong></span> <span class='ocrx_word' id='word_1_3' title='bbox 820 247 989 300; x_wconf 81' lang='lat' dir='ltr'><strong>ttntTORts</strong></span> 
     </span>
    </p>
   </div>
   <div class='ocr_carea' id='block_1_2' title="bbox 214 422 1384 2674">
    <p class='ocr_par' dir='ltr' id='par_1_2' title="bbox 214 422 1384 2674">
     <span class='ocr_line' id='line_1_2' title="bbox 227 422 1329 523; baseline -0.008 -22"><span class='ocrx_word' id='word_1_4' title='bbox 227 443 230 451; x_wconf 85' lang='grc'><strong>“</strong></span> <span class='ocrx_word' id='word_1_5' title='bbox 268 427 529 523; x_wconf 78' lang='lat' dir='ltr'><strong>orthographiae</strong></span> <span class='ocrx_word' id='word_1_6' title='bbox 556 428 687 497; x_wconf 85' lang='lat' dir='ltr'><strong>ratione</strong></span> <span class='ocrx_word' id='word_1_7' title='bbox 710 425 839 498; x_wconf 86' lang='lat' dir='ltr'><strong>codicis</strong></span> <span class='ocrx_word' id='word_1_8' title='bbox 863 427 1064 519; x_wconf 86' lang='lat' dir='ltr'><strong>scripturum</strong></span> <span class='ocrx_word' id='word_1_9' title='bbox 1092 422 1243 510; x_wconf 73' lang='lat' dir='ltr'><strong>deserui,</strong></span> <span class='ocrx_word' id='word_1_10' title='bbox 1272 422 1329 494; x_wconf 79' lang='lat' dir='ltr'><strong>vel</strong></span> 
     </span>
     <span class='ocr_line' id='line_1_3' title="bbox 269 547 1329 648; baseline -0.008 -19"><span class='ocrx_word' id='word_1_11' title='bbox 269 555 412 630; x_wconf 83' lang='lat' dir='ltr'><strong>verbum</strong></span> <span class='ocrx_word' id='word_1_12' title='bbox 424 553 557 648; x_wconf 81' lang='lat' dir='ltr'>aliquod</span> <span class='ocrx_word' id='word_1_13' title='bbox 575 552 777 647; x_wconf 80' lang='lat' dir='ltr'><strong>imperfecto</strong></span> <span class='ocrx_word' id='word_1_14' title='bbox 791 551 995 646; x_wconf 77' lang='lat' dir='ltr'><strong>corrupendio</strong></span> <span class='ocrx_word' id='word_1_15' title='bbox 1009 571 1212 646; x_wconf 84' lang='lat' dir='ltr'><strong>expressum</strong></span> <span class='ocrx_word' id='word_1_16' title='bbox 1225 547 1329 644; x_wconf 87' lang='lat' dir='ltr'><strong>plene</strong></span> 
     </span>
     <span class='ocr_line' id='line_1_4' title="bbox 270 673 1333 777; baseline -0.008 -21"><span class='ocrx_word' id='word_1_17' title='bbox 270 683 401 777; x_wconf 76' lang='lat' dir='ltr'><strong>scripsi,</strong></span> <span class='ocrx_word' id='word_1_18' title='bbox 430 679 486 754; x_wconf 87' lang='lat' dir='ltr'><strong>vel</strong></span> <span class='ocrx_word' id='word_1_19' title='bbox 511 681 657 773; x_wconf 89' lang='lat' dir='ltr'><strong>denique</strong></span> <span class='ocrx_word' id='word_1_20' title='bbox 680 678 825 750; x_wconf 82' lang='lat' dir='ltr'><strong>litterum</strong></span> <span class='ocrx_word' id='word_1_21' title='bbox 849 677 1006 772; x_wconf 74' lang='lat' dir='ltr'><strong>aliquam</strong></span> <span class='ocrx_word' id='word_1_22' title='bbox 1032 680 1125 770; x_wconf 88' lang='lat' dir='ltr'><strong>cujus</strong></span> <span class='ocrx_word' id='word_1_23' title='bbox 1143 673 1333 760; x_wconf 76' lang='lat' dir='ltr'><strong>indubitato</strong></span> 
     </span>
     <span class='ocr_line' id='line_1_5' title="bbox 267 801 1329 900; baseline -0.008 -18"><span class='ocrx_word' id='word_1_24' title='bbox 267 819 359 882; x_wconf 85' lang='lat' dir='ltr'><strong>esset</strong></span> <span class='ocrx_word' id='word_1_25' title='bbox 374 809 574 900; x_wconf 74' lang='lat' dir='ltr'><strong>getninatto,</strong></span> <span class='ocrx_word' id='word_1_26' title='bbox 602 804 654 878; x_wconf 85' lang='lat' dir='ltr'><strong>bis</strong></span> <span class='ocrx_word' id='word_1_27' title='bbox 674 801 873 892; x_wconf 78' lang='lat' dir='ltr'><strong>exhihni⁵².¹</strong></span> <span class='ocrx_word' id='word_1_28' title='bbox 896 805 945 882; x_wconf 90' lang='lat' dir='ltr'><strong>At</strong></span> <span class='ocrx_word' id='word_1_29' title='bbox 960 805 1016 876; x_wconf 89' lang='lat' dir='ltr'><strong>uhi</strong></span> <span class='ocrx_word' id='word_1_30' title='bbox 1033 804 1100 876; x_wconf 79' lang='lat' dir='ltr'><strong>tale</strong></span> <span class='ocrx_word' id='word_1_31' title='bbox 1118 803 1210 898; x_wconf 78' lang='lat' dir='ltr'><strong>quid,</strong></span> <span class='ocrx_word' id='word_1_32' title='bbox 1239 804 1329 898; x_wconf 89' lang='lat' dir='ltr'><strong>quod</strong></span> 
     </span>
     <span class='ocr_line' id='line_1_6' title="bbox 265 929 1328 1021; baseline -0.008 -13"><span class='ocrx_word' id='word_1_33' title='bbox 265 961 284 1007; x_wconf 87' lang='lat' dir='ltr'><strong>a</strong></span> <span class='ocrx_word' id='word_1_34' title='bbox 312 935 435 1008; x_wconf 88' lang='lat' dir='ltr'><strong>codice</strong></span> <span class='ocrx_word' id='word_1_35' title='bbox 462 936 601 1004; x_wconf 91' lang='lat' dir='ltr'><strong>omnino</strong></span> <span class='ocrx_word' id='word_1_36' title='bbox 629 929 754 1004; x_wconf 81' lang='lat' dir='ltr'><strong>abesse</strong></span> <span class='ocrx_word' id='word_1_37' title='bbox 779 939 964 1021; x_wconf 76' lang='lat' dir='ltr'><strong>constaret,</strong></span> <span class='ocrx_word' id='word_1_38' title='bbox 992 934 1026 1000; x_wconf 93' lang='lat' dir='ltr'><strong>in</strong></span> <span class='ocrx_word' id='word_1_39' title='bbox 1049 939 1246 1002; x_wconf 88' lang='lat' dir='ltr'><strong>contextum</strong></span> <span class='ocrx_word' id='word_1_40' title='bbox 1268 933 1328 1002; x_wconf 91' lang='lat' dir='ltr'><strong>ni-</strong></span> 
     </span>
     <span class='ocr_line' id='line_1_7' title="bbox 265 1033 1329 1153; baseline -0.004 -19"><span class='ocrx_word' id='word_1_41' title='bbox 265 1063 446 1136; x_wconf 84' lang='lat' dir='ltr'><strong>hilominus</strong></span> <span class='ocrx_word' id='word_1_42' title='bbox 465 1033 595 1153; x_wconf 70' lang='lat' dir='ltr'><strong>recepi,</strong></span> <span class='ocrx_word' id='word_1_43' title='bbox 624 1058 658 1128; x_wconf 91' lang='lat' dir='ltr'><strong>id</strong></span> <span class='ocrx_word' id='word_1_44' title='bbox 676 1059 766 1153; x_wconf 90' lang='lat' dir='ltr'><strong>quod</strong></span> <span class='ocrx_word' id='word_1_45' title='bbox 783 1057 981 1152; x_wconf 84' lang='lat' dir='ltr'><strong>plerumque</strong></span> <span class='ocrx_word' id='word_1_46' title='bbox 1000 1079 1076 1128; x_wconf 94' lang='lat' dir='ltr'><strong>cum</strong></span> <span class='ocrx_word' id='word_1_47' title='bbox 1094 1061 1329 1134; x_wconf 84' lang='lat' dir='ltr'><strong>necessarium</strong></span> 
     </span>
     <span class='ocr_line' id='line_1_8' title="bbox 266 1184 1328 1279; baseline -0.001 -20"><span class='ocrx_word' id='word_1_48' title='bbox 266 1189 455 1273; x_wconf 71' lang='lat' dir='ltr'><strong>videretur⁷</strong></span> <span class='ocrx_word' id='word_1_49' title='bbox 475 1184 661 1278; x_wconf 79' lang='lat' dir='ltr'><strong>¹aliquoties</strong></span> <span class='ocrx_word' id='word_1_50' title='bbox 681 1195 806 1275; x_wconf 71' lang='lat' dir='ltr'><strong>tamen,</strong></span> <span class='ocrx_word' id='word_1_51' title='bbox 834 1187 988 1279; x_wconf 75' lang='lat' dir='ltr'><strong>quemms</strong></span> <span class='ocrx_word' id='word_1_52' title='bbox 1006 1205 1161 1279; x_wconf 65' lang='lat' dir='ltr'><strong>perrerm</strong></span> <span class='ocrx_word' id='word_1_53' title='bbox 1189 1185 1233 1258; x_wconf 89' lang='lat' dir='ltr'><strong>ob</strong></span> <span class='ocrx_word' id='word_1_54' title='bbox 1253 1209 1328 1258; x_wconf 84' lang='lat' dir='ltr'><strong>eam</strong></span> 
     </span>
     <span class='ocr_line' id='line_1_9' title="bbox 266 1308 1329 1405; baseline -0.003 -18"><span class='ocrx_word' id='word_1_55' title='bbox 266 1313 373 1387; x_wconf 84' lang='lat' dir='ltr'><strong>solem</strong></span> <span class='ocrx_word' id='word_1_56' title='bbox 400 1334 538 1391; x_wconf 85' lang='lat' dir='ltr'><strong>oensem</strong></span> <span class='ocrx_word' id='word_1_57' title='bbox 565 1311 646 1402; x_wconf 72' lang='lat' dir='ltr'><strong>ieci,</strong></span> <span class='ocrx_word' id='word_1_58' title='bbox 673 1321 710 1382; x_wconf 94' lang='lat' dir='ltr'><strong>ut</strong></span> <span class='ocrx_word' id='word_1_59' title='bbox 727 1315 895 1384; x_wconf 83' lang='lat' dir='ltr'><strong>sententia</strong></span> <span class='ocrx_word' id='word_1_60' title='bbox 913 1313 1021 1404; x_wconf 78' lang='lat' dir='ltr'><strong>magis</strong></span> <span class='ocrx_word' id='word_1_61' title='bbox 1039 1308 1190 1405; x_wconf 83' lang='lat' dir='ltr'><strong>pateret3</strong></span> <span class='ocrx_word' id='word_1_62' title='bbox 1218 1312 1329 1386; x_wconf 83' lang='lat' dir='ltr'><strong>verba</strong></span> 
     </span>
     <span class='ocr_line' id='line_1_10' title="bbox 266 1439 1384 1534; baseline 0.001 -23"><span class='ocrx_word' id='word_1_63' title='bbox 266 1445 311 1512; x_wconf 84' lang='lat' dir='ltr'><strong>ita</strong></span> <span class='ocrx_word' id='word_1_64' title='bbox 334 1444 462 1514; x_wconf 87' lang='lat' dir='ltr'><strong>inserta</strong></span> <span class='ocrx_word' id='word_1_65' title='bbox 485 1440 674 1512; x_wconf 89' lang='lat' dir='ltr'><strong>nonmodo</strong></span> <span class='ocrx_word' id='word_1_66' title='bbox 694 1439 907 1515; x_wconf 87' lang='lat' dir='ltr'><strong>currentibus</strong></span> <span class='ocrx_word' id='word_1_67' title='bbox 926 1439 1047 1512; x_wconf 88' lang='lat' dir='ltr'><strong>litteris</strong></span> <span class='ocrx_word' id='word_1_68' title='bbox 1066 1443 1237 1534; x_wconf 75' lang='lat' dir='ltr'><strong>expressi,</strong></span> <span class='ocrx_word' id='word_1_69' title='bbox 1264 1440 1328 1513; x_wconf 85' lang='lat' dir='ltr'><strong>sed</strong></span> <span class='ocrx_word' id='word_1_70' title='bbox 1380 1447 1384 1454; x_wconf 83' lang='grc'><strong><em>’</em></strong></span> 
     </span>
     <span class='ocr_line' id='line_1_11' title="bbox 268 1562 1327 1663; baseline 0.002 -25"><span class='ocrx_word' id='word_1_71' title='bbox 268 1570 369 1659; x_wconf 79' lang='lat' dir='ltr'><strong>etium</strong></span> <span class='ocrx_word' id='word_1_72' title='bbox 387 1566 609 1640; x_wconf 80' lang='lat' dir='ltr'><strong>semicirculis</strong></span> <span class='ocrx_word' id='word_1_73' title='bbox 626 1564 747 1638; x_wconf 89' lang='lat' dir='ltr'><strong>inclusi</strong></span> <span class='ocrx_word' id='word_1_74' title='bbox 755 1562 790 1636; x_wconf 80' lang='lat'><strong>⁵³.</strong></span> <span class='ocrx_word' id='word_1_75' title='bbox 820 1567 1006 1638; x_wconf 80' lang='lat' dir='ltr'><strong>Praeterea</strong></span> <span class='ocrx_word' id='word_1_76' title='bbox 1022 1566 1232 1657; x_wconf 72' lang='lat' dir='ltr'><strong>tacunarum,</strong></span> <span class='ocrx_word' id='word_1_77' title='bbox 1244 1589 1327 1663; x_wconf 85' lang='lat' dir='ltr'><strong>quos</strong></span> 
     </span>
     <span class='ocr_line' id='line_1_12' title="bbox 267 1691 1326 1792; baseline 0.003 -27"><span class='ocrx_word' id='word_1_78' title='bbox 267 1693 459 1790; x_wconf 89' lang='lat' dir='ltr'><strong>exemplum</strong></span> <span class='ocrx_word' id='word_1_79' title='bbox 477 1704 629 1768; x_wconf 87' lang='lat' dir='ltr'><strong>nostrum</strong></span> <span class='ocrx_word' id='word_1_80' title='bbox 647 1691 760 1784; x_wconf 76' lang='lat' dir='ltr'><strong>hehet,</strong></span> <span class='ocrx_word' id='word_1_81' title='bbox 790 1694 1036 1792; x_wconf 76' lang='lat' dir='ltr'><strong>supplemento,</strong></span> <span class='ocrx_word' id='word_1_82' title='bbox 1064 1695 1120 1768; x_wconf 91' lang='lat' dir='ltr'><strong>uhi</strong></span> <span class='ocrx_word' id='word_1_83' title='bbox 1138 1718 1207 1768; x_wconf 87' lang='lat' dir='ltr'><strong>non</strong></span> <span class='ocrx_word' id='word_1_84' title='bbox 1230 1694 1326 1768; x_wconf 88' lang='lat' dir='ltr'><strong>litte-</strong></span> 
     </span>
     <span class='ocr_line' id='line_1_13' title="bbox 264 1820 1326 1914; baseline 0.006 -24"><span class='ocrx_word' id='word_1_85' title='bbox 264 1844 336 1910; x_wconf 60' lang='grc' dir='ltr'><strong>τεο,</strong></span> <span class='ocrx_word' id='word_1_86' title='bbox 365 1821 428 1899; x_wconf 84' lang='lat' dir='ltr'><strong>sed</strong></span> <span class='ocrx_word' id='word_1_87' title='bbox 454 1820 562 1893; x_wconf 83' lang='lat' dir='ltr'><strong>verba</strong></span> <span class='ocrx_word' id='word_1_88' title='bbox 589 1826 730 1914; x_wconf 77' lang='lat' dir='ltr'><strong>integre¹</strong></span> <span class='ocrx_word' id='word_1_89' title='bbox 743 1821 999 1912; x_wconf 70' lang='lat' dir='ltr'><strong>desiderentur,</strong></span> <span class='ocrx_word' id='word_1_90' title='bbox 1027 1823 1114 1894; x_wconf 89' lang='lat' dir='ltr'><strong>hirris</strong></span> <span class='ocrx_word' id='word_1_91' title='bbox 1139 1825 1326 1910; x_wconf 73' lang='lat' dir='ltr'><strong>asteriscis,</strong></span> 
     </span>
     <span class='ocr_line' id='line_1_14' title="bbox 214 1943 1326 2042; baseline 0.001 -25"><span class='ocrx_word' id='word_1_92' title='bbox 214 1969 217 1979; x_wconf 85' lang='lat'>·</span> <span class='ocrx_word' id='word_1_93' title='bbox 264 1948 371 2020; x_wconf 85' lang='lat' dir='ltr'><strong>altero</strong></span> <span class='ocrx_word' id='word_1_94' title='bbox 389 1950 425 2018; x_wconf 91' lang='lat' dir='ltr'><strong>in</strong></span> <span class='ocrx_word' id='word_1_95' title='bbox 442 1947 621 2040; x_wconf 85' lang='lat' dir='ltr'><strong>principio,</strong></span> <span class='ocrx_word' id='word_1_96' title='bbox 650 1946 757 2016; x_wconf 84' lang='lat' dir='ltr'><strong>altero</strong></span> <span class='ocrx_word' id='word_1_97' title='bbox 775 1950 811 2016; x_wconf 91' lang='lat' dir='ltr'><strong>in</strong></span> <span class='ocrx_word' id='word_1_98' title='bbox 828 1946 896 2018; x_wconf 87' lang='lat' dir='ltr'><strong>line</strong></span> <span class='ocrx_word' id='word_1_99' title='bbox 914 1951 1039 2042; x_wconf 71' lang='lat' dir='ltr'><strong>posito7</strong></span> <span class='ocrx_word' id='word_1_100' title='bbox 1058 1943 1216 2018; x_wconf 51' lang='lat' dir='ltr'><strong>notavit.</strong></span> <span class='ocrx_word' id='word_1_101' title='bbox 1256 1947 1326 2018; x_wconf 85' lang='lat' dir='ltr'><strong>Eas</strong></span> 
     </span>
     <span class='ocr_line' id='line_1_15' title="bbox 264 2047 1324 2167; baseline -0.001 -21"><span class='ocrx_word' id='word_1_102' title='bbox 264 2086 389 2163; x_wconf 76' lang='lat' dir='ltr'><strong>eutem,</strong></span> <span class='ocrx_word' id='word_1_103' title='bbox 418 2094 500 2166; x_wconf 84' lang='lat' dir='ltr'><strong>ques</strong></span> <span class='ocrx_word' id='word_1_104' title='bbox 521 2074 595 2143; x_wconf 91' lang='lat' dir='ltr'><strong>sine</strong></span> <span class='ocrx_word' id='word_1_105' title='bbox 615 2069 857 2166; x_wconf 65' lang='lat' dir='ltr'><strong>supplementis</strong></span> <span class='ocrx_word' id='word_1_106' title='bbox 875 2073 1009 2167; x_wconf 73' lang='lat' dir='ltr'><strong>reliqui,</strong></span> <span class='ocrx_word' id='word_1_107' title='bbox 1029 2047 1092 2142; x_wconf 91' lang='lat' dir='ltr'><strong>hic</strong></span> <span class='ocrx_word' id='word_1_108' title='bbox 1116 2069 1255 2145; x_wconf 89' lang='lat' dir='ltr'><strong>stellulis</strong></span> <span class='ocrx_word' id='word_1_109' title='bbox 1273 2075 1324 2165; x_wconf 57' lang='lat' dir='ltr'><strong>(t)</strong></span> 
     </span>
     <span class='ocr_line' id='line_1_16' title="bbox 265 2171 1326 2296; baseline 0 -24"><span class='ocrx_word' id='word_1_110' title='bbox 265 2199 415 2293; x_wconf 84' lang='lat' dir='ltr'><strong>singulas</strong></span> <span class='ocrx_word' id='word_1_111' title='bbox 438 2171 572 2270; x_wconf 88' lang='lat' dir='ltr'><strong>litteras</strong></span> <span class='ocrx_word' id='word_1_112' title='bbox 601 2195 885 2296; x_wconf 72' lang='lat' dir='ltr'><strong>significantibus,</strong></span> <span class='ocrx_word' id='word_1_113' title='bbox 919 2199 986 2270; x_wconf 94' lang='lat' dir='ltr'><strong>illic</strong></span> <span class='ocrx_word' id='word_1_114' title='bbox 1013 2199 1146 2272; x_wconf 90' lang='lat' dir='ltr'><strong>lineolis</strong></span> <span class='ocrx_word' id='word_1_115' title='bbox 1173 2201 1326 2296; x_wconf 83' lang='lat' dir='ltr'><strong>impletos</strong></span> 
     </span>
     <span class='ocr_line' id='line_1_17' title="bbox 265 2324 1325 2424; baseline 0.002 -26"><span class='ocrx_word' id='word_1_116' title='bbox 265 2325 412 2399; x_wconf 88' lang='lat' dir='ltr'><strong>exhibui.</strong></span> <span class='ocrx_word' id='word_1_117' title='bbox 474 2324 623 2410; x_wconf 82' lang='lat' dir='ltr'><strong>Quarum</strong></span> <span class='ocrx_word' id='word_1_118' title='bbox 658 2325 793 2419; x_wconf 86' lang='lat' dir='ltr'><strong>quidem</strong></span> <span class='ocrx_word' id='word_1_119' title='bbox 825 2325 1026 2398; x_wconf 82' lang='lat' dir='ltr'><strong>lineolarum</strong></span> <span class='ocrx_word' id='word_1_120' title='bbox 1059 2327 1184 2424; x_wconf 87' lang='lat' dir='ltr'><strong>duplex</strong></span> <span class='ocrx_word' id='word_1_121' title='bbox 1214 2349 1325 2420; x_wconf 86' lang='lat' dir='ltr'><strong>genus</strong></span> 
     </span>
     <span class='ocr_line' id='line_1_18' title="bbox 265 2452 1325 2549; baseline 0 -23"><span class='ocrx_word' id='word_1_122' title='bbox 265 2463 333 2526; x_wconf 91' lang='lat' dir='ltr'><strong>est:</strong></span> <span class='ocrx_word' id='word_1_123' title='bbox 366 2452 564 2524; x_wconf 84' lang='lat' dir='ltr'><strong>breviorum</strong></span> <span class='ocrx_word' id='word_1_124' title='bbox 594 2454 702 2544; x_wconf 70' lang='grc'><strong>(--)7</strong></span> <span class='ocrx_word' id='word_1_125' title='bbox 737 2457 837 2538; x_wconf 88' lang='lat' dir='ltr'><strong>trium</strong></span> <span class='ocrx_word' id='word_1_126' title='bbox 869 2453 945 2528; x_wconf 87' lang='lat' dir='ltr'><strong>fere</strong></span> <span class='ocrx_word' id='word_1_127' title='bbox 971 2453 1155 2526; x_wconf 83' lang='lat' dir='ltr'><strong>litterarum</strong></span> <span class='ocrx_word' id='word_1_128' title='bbox 1183 2458 1325 2549; x_wconf 86' lang='lat' dir='ltr'><strong>spatium</strong></span> 
     </span>
     <span class='ocr_line' id='line_1_19' title="bbox 263 2579 1325 2674; baseline 0.001 -23"><span class='ocrx_word' id='word_1_129' title='bbox 263 2581 498 2670; x_wconf 78' lang='lat' dir='ltr'><strong>indicantium,</strong></span> <span class='ocrx_word' id='word_1_130' title='bbox 532 2579 691 2668; x_wconf 79' lang='lat' dir='ltr'><strong>alterum3</strong></span> <span class='ocrx_word' id='word_1_131' title='bbox 730 2580 873 2651; x_wconf 83' lang='lat' dir='ltr'><strong>alterum</strong></span> <span class='ocrx_word' id='word_1_132' title='bbox 905 2580 1096 2674; x_wconf 86' lang='lat' dir='ltr'><strong>longiorum</strong></span> <span class='ocrx_word' id='word_1_133' title='bbox 1131 2582 1325 2672; x_wconf 74' lang='lat'><strong>(---‚</strong></span> 
     </span>
    </p>
   </div>
   <div class='ocr_carea' id='block_1_3' title="bbox 215 2779 1326 4083">
    <p class='ocr_par' dir='ltr' id='par_1_3' title="bbox 260 2779 1326 3612">
     <span class='ocr_line' id='line_1_20' title="bbox 345 2779 1326 2851; baseline 0.001 -16"><span class='ocrx_word' id='word_1_134' title='bbox 345 2790 379 2826; x_wconf 81' lang='lat'><strong>⁵²</strong></span> <span class='ocrx_word' id='word_1_135' title='bbox 407 2787 488 2837; x_wconf 80' lang='lat' dir='ltr'><strong>t&#39;elut</strong></span> <span class='ocrx_word' id='word_1_136' title='bbox 506 2801 567 2851; x_wconf 80' lang='lat' dir='ltr'><strong>pag.</strong></span> <span class='ocrx_word' id='word_1_137' title='bbox 581 2788 622 2839; x_wconf 86' lang='lat'><strong>17.</strong></span> <span class='ocrx_word' id='word_1_138' title='bbox 634 2798 702 2836; x_wconf 81' lang='lat' dir='ltr'><strong>vers.</strong></span> <span class='ocrx_word' id='word_1_139' title='bbox 712 2784 737 2832; x_wconf 89' lang='grc'><strong>6.</strong></span> <span class='ocrx_word' id='word_1_140' title='bbox 757 2789 785 2834; x_wconf 90' lang='lat' dir='ltr'><strong>et</strong></span> <span class='ocrx_word' id='word_1_141' title='bbox 803 2799 863 2851; x_wconf 82' lang='lat' dir='ltr'><strong>pag.</strong></span> <span class='ocrx_word' id='word_1_142' title='bbox 873 2783 916 2836; x_wconf 80' lang='lat'><strong>64.</strong></span> <span class='ocrx_word' id='word_1_143' title='bbox 932 2799 998 2835; x_wconf 80' lang='lat' dir='ltr'><strong>vers.</strong></span> <span class='ocrx_word' id='word_1_144' title='bbox 1011 2786 1052 2836; x_wconf 80' lang='lat'><strong>12.</strong></span> <span class='ocrx_word' id='word_1_145' title='bbox 1070 2783 1109 2836; x_wconf 85' lang='lat' dir='ltr'><strong>ita</strong></span> <span class='ocrx_word' id='word_1_146' title='bbox 1128 2783 1210 2835; x_wconf 80' lang='lat' dir='ltr'><strong>hebet</strong></span> <span class='ocrx_word' id='word_1_147' title='bbox 1227 2779 1326 2836; x_wconf 85' lang='lat' dir='ltr'><strong>editio-</strong></span> 
     </span>
     <span class='ocr_line' id='line_1_21' title="bbox 263 2857 1323 2946; baseline -0.003 -15"><span class='ocrx_word' id='word_1_148' title='bbox 263 2880 305 2932; x_wconf 87' lang='lat' dir='ltr'><strong>nis</strong></span> <span class='ocrx_word' id='word_1_149' title='bbox 329 2883 501 2930; x_wconf 86' lang='lat' dir='ltr'><strong>contextum:</strong></span> <span class='ocrx_word' id='word_1_150' title='bbox 530 2877 664 2944; x_wconf 85' lang='lat' dir='ltr'><strong>„nuptiae</strong></span> <span class='ocrx_word' id='word_1_151' title='bbox 691 2876 771 2928; x_wconf 86' lang='lat' dir='ltr'><strong>esse”</strong></span> <span class='ocrx_word' id='word_1_152' title='bbox 792 2877 960 2946; x_wconf 85' lang='lat' dir='ltr'><strong>„usucapias</strong></span> <span class='ocrx_word' id='word_1_153' title='bbox 984 2877 1097 2944; x_wconf 82' lang='lat' dir='ltr'><strong>semel&#39;&#39;,</strong></span> <span class='ocrx_word' id='word_1_154' title='bbox 1121 2857 1188 2930; x_wconf 84' lang='lat' dir='ltr'><strong>non:</strong></span> <span class='ocrx_word' id='word_1_155' title='bbox 1208 2877 1323 2944; x_wconf 83' lang='lat' dir='ltr'><strong>nuptiae</strong></span> 
     </span>
     <span class='ocr_line' id='line_1_22' title="bbox 263 2971 1323 3039; baseline -0.002 -15"><span class='ocrx_word' id='word_1_156' title='bbox 263 2989 332 3038; x_wconf 83' lang='lat' dir='ltr'><strong>esse,</strong></span> <span class='ocrx_word' id='word_1_157' title='bbox 352 2973 494 3039; x_wconf 80' lang='lat' dir='ltr'><strong>usucapias</strong></span> <span class='ocrx_word' id='word_1_158' title='bbox 509 2975 607 3035; x_wconf 81' lang='lat' dir='ltr'><strong>seme13</strong></span> <span class='ocrx_word' id='word_1_159' title='bbox 620 2987 787 3039; x_wconf 73' lang='lat' dir='ltr'><strong>quamquam</strong></span> <span class='ocrx_word' id='word_1_160' title='bbox 805 2971 834 3022; x_wconf 89' lang='lat' dir='ltr'><strong>in</strong></span> <span class='ocrx_word' id='word_1_161' title='bbox 850 2972 953 3038; x_wconf 83' lang='lat' dir='ltr'><strong>codice,</strong></span> <span class='ocrx_word' id='word_1_162' title='bbox 972 2989 1026 3025; x_wconf 82' lang='lat' dir='ltr'><strong>una</strong></span> <span class='ocrx_word' id='word_1_163' title='bbox 1044 2978 1178 3025; x_wconf 72' lang='lat' dir='ltr'><strong>tantuma</strong></span> <span class='ocrx_word' id='word_1_164' title='bbox 1197 2977 1225 3023; x_wconf 84' lang='lat' dir='ltr'><strong>et</strong></span> <span class='ocrx_word' id='word_1_165' title='bbox 1239 2988 1293 3024; x_wconf 74' lang='lat' dir='ltr'><strong>una</strong></span> <span class='ocrx_word' id='word_1_166' title='bbox 1309 2988 1323 3022; x_wconf 82' lang='lat' dir='ltr'><strong>s</strong></span> 
     </span>
     <span class='ocr_line' id='line_1_23' title="bbox 263 3065 1324 3136; baseline -0.003 -16"><span class='ocrx_word' id='word_1_167' title='bbox 263 3067 392 3132; x_wconf 84' lang='lat' dir='ltr'><strong>adhibita,</strong></span> <span class='ocrx_word' id='word_1_168' title='bbox 411 3066 449 3119; x_wconf 87' lang='lat' dir='ltr'><strong>sic</strong></span> <span class='ocrx_word' id='word_1_169' title='bbox 467 3066 596 3134; x_wconf 89' lang='lat' dir='ltr'><strong>scriptum</strong></span> <span class='ocrx_word' id='word_1_170' title='bbox 615 3071 671 3118; x_wconf 86' lang='lat' dir='ltr'><strong>est:</strong></span> <span class='ocrx_word' id='word_1_171' title='bbox 690 3065 891 3134; x_wconf 80' lang='lat' dir='ltr'><strong>„nuptiaesse”</strong></span> <span class='ocrx_word' id='word_1_172' title='bbox 910 3067 1176 3136; x_wconf 77' lang='lat' dir='ltr'><strong>,‚usucapiesemei”.</strong></span> <span class='ocrx_word' id='word_1_173' title='bbox 1200 3066 1324 3135; x_wconf 87' lang='lat' dir='ltr'><strong>[Scilicet</strong></span> 
     </span>
     <span class='ocr_line' id='line_1_24' title="bbox 264 3160 1323 3230; baseline -0.002 -16"><span class='ocrx_word' id='word_1_174' title='bbox 264 3162 437 3226; x_wconf 81' lang='lat' dir='ltr'><strong>neglegentia</strong></span> <span class='ocrx_word' id='word_1_175' title='bbox 455 3161 565 3227; x_wconf 77' lang='lat' dir='ltr'><strong>librarii,</strong></span> <span class='ocrx_word' id='word_1_176' title='bbox 585 3177 637 3212; x_wconf 83' lang='lat' dir='ltr'><strong>tren</strong></span> <span class='ocrx_word' id='word_1_177' title='bbox 657 3162 778 3216; x_wconf 86' lang='lat' dir='ltr'><strong>consilio.</strong></span> <span class='ocrx_word' id='word_1_178' title='bbox 815 3165 908 3229; x_wconf 87' lang='lat' dir='ltr'><strong>ltaque</strong></span> <span class='ocrx_word' id='word_1_179' title='bbox 927 3166 1037 3214; x_wconf 78' lang='lat' dir='ltr'><strong>alteram</strong></span> <span class='ocrx_word' id='word_1_180' title='bbox 1056 3163 1170 3216; x_wconf 76' lang='lat' dir='ltr'><strong>litteram</strong></span> <span class='ocrx_word' id='word_1_181' title='bbox 1191 3160 1323 3230; x_wconf 85' lang='lat' dir='ltr'><strong>obliquari</strong></span> 
     </span>
     <span class='ocr_line' id='line_1_25' title="bbox 260 3238 1323 3332; baseline 0 -25"><span class='ocrx_word' id='word_1_182' title='bbox 260 3255 352 3324; x_wconf 79' lang='lat' dir='ltr'><strong>jussi]</strong></span> <span class='ocrx_word' id='word_1_183' title='bbox 389 3257 464 3308; x_wconf 84' lang='lat' dir='ltr'><strong>Haeo</strong></span> <span class='ocrx_word' id='word_1_184' title='bbox 484 3259 574 3306; x_wconf 87' lang='lat' dir='ltr'><strong>tamen</strong></span> <span class='ocrx_word' id='word_1_185' title='bbox 592 3262 620 3308; x_wconf 90' lang='lat' dir='ltr'><strong>et</strong></span> <span class='ocrx_word' id='word_1_186' title='bbox 638 3273 707 3324; x_wconf 88' lang='lat' dir='ltr'><strong>quae</strong></span> <span class='ocrx_word' id='word_1_187' title='bbox 726 3238 789 3332; x_wconf 79' lang='lat' dir='ltr'><strong>sunt</strong></span> <span class='ocrx_word' id='word_1_188' title='bbox 808 3258 860 3309; x_wconf 84' lang='lat' dir='ltr'><strong>alia</strong></span> <span class='ocrx_word' id='word_1_189' title='bbox 879 3257 999 3322; x_wconf 81' lang='lat' dir='ltr'><strong>ejusdem</strong></span> <span class='ocrx_word' id='word_1_190' title='bbox 1022 3259 1129 3324; x_wconf 81' lang='lat' dir='ltr'><strong>generis</strong></span> <span class='ocrx_word' id='word_1_191' title='bbox 1151 3259 1179 3310; x_wconf 91' lang='lat' dir='ltr'><strong>in</strong></span> <span class='ocrx_word' id='word_1_192' title='bbox 1201 3263 1323 3325; x_wconf 79' lang='lat' dir='ltr'><strong>praeter-</strong></span> 
     </span>
     <span class='ocr_line' id='line_1_26' title="bbox 262 3343 1322 3419; baseline 0.001 -16"><span class='ocrx_word' id='word_1_193' title='bbox 262 3351 402 3404; x_wconf 87' lang='lat' dir='ltr'><strong>missorum</strong></span> <span class='ocrx_word' id='word_1_194' title='bbox 421 3350 510 3403; x_wconf 86' lang='lat' dir='ltr'><strong>indice</strong></span> <span class='ocrx_word' id='word_1_195' title='bbox 530 3343 629 3403; x_wconf 76' lang='lat' dir='ltr'><strong>notavi.</strong></span> <span class='ocrx_word' id='word_1_196' title='bbox 659 3351 803 3419; x_wconf 76' lang='lat' dir='ltr'><strong>(Quaenic</strong></span> <span class='ocrx_word' id='word_1_197' title='bbox 822 3352 849 3403; x_wconf 86' lang='lat' dir='ltr'><strong>iu</strong></span> <span class='ocrx_word' id='word_1_198' title='bbox 862 3353 1108 3419; x_wconf 82' lang='lat' dir='ltr'><strong>praetermissorum</strong></span> <span class='ocrx_word' id='word_1_199' title='bbox 1127 3353 1216 3405; x_wconf 81' lang='lat' dir='ltr'><strong>indice</strong></span> <span class='ocrx_word' id='word_1_200' title='bbox 1234 3351 1322 3419; x_wconf 82' lang='lat' dir='ltr'><strong>posita</strong></span> 
     </span>
     <span class='ocr_line' id='line_1_27' title="bbox 262 3446 1323 3520; baseline 0 -23"><span class='ocrx_word' id='word_1_201' title='bbox 262 3463 322 3500; x_wconf 85' lang='lat' dir='ltr'><strong>osae</strong></span> <span class='ocrx_word' id='word_1_202' title='bbox 340 3446 482 3511; x_wconf 87' lang='lat' dir='ltr'><strong>dicuntur,</strong></span> <span class='ocrx_word' id='word_1_203' title='bbox 504 3463 536 3506; x_wconf 81' lang='lat' dir='ltr'><strong>ee</strong></span> <span class='ocrx_word' id='word_1_204' title='bbox 556 3463 626 3499; x_wconf 90' lang='lat' dir='ltr'><strong>nune</strong></span> <span class='ocrx_word' id='word_1_205' title='bbox 650 3446 705 3498; x_wconf 88' lang='lat' dir='ltr'><strong>suis</strong></span> <span class='ocrx_word' id='word_1_206' title='bbox 724 3463 848 3516; x_wconf 83' lang='lat' dir='ltr'><strong>quaeque</strong></span> <span class='ocrx_word' id='word_1_207' title='bbox 874 3447 940 3500; x_wconf 87' lang='lat' dir='ltr'><strong>locis</strong></span> <span class='ocrx_word' id='word_1_208' title='bbox 962 3449 990 3504; x_wconf 87' lang='lat' dir='ltr'><strong>in</strong></span> <span class='ocrx_word' id='word_1_209' title='bbox 1008 3449 1227 3520; x_wconf 70' lang='lat' dir='ltr'><strong>annotationibus</strong></span> <span class='ocrx_word' id='word_1_210' title='bbox 1246 3446 1323 3498; x_wconf 84' lang='lat' dir='ltr'><strong>exhi-</strong></span> 
     </span>
     <span class='ocr_line' id='line_1_28' title="bbox 261 3520 1019 3612; baseline 0.003 -20"><span class='ocrx_word' id='word_1_211' title='bbox 261 3542 327 3610; x_wconf 85' lang='lat' dir='ltr'><strong>bui.)</strong></span> <span class='ocrx_word' id='word_1_212' title='bbox 362 3541 447 3610; x_wconf 84' lang='lat' dir='ltr'><strong>[Satis</strong></span> <span class='ocrx_word' id='word_1_213' title='bbox 467 3543 550 3592; x_wconf 83' lang='lat' dir='ltr'><strong>multe</strong></span> <span class='ocrx_word' id='word_1_214' title='bbox 568 3520 799 3607; x_wconf 55' lang='lat' dir='ltr'><strong>regionariorum</strong></span> <span class='ocrx_word' id='word_1_215' title='bbox 818 3559 887 3609; x_wconf 87' lang='lat' dir='ltr'><strong>quae</strong></span> <span class='ocrx_word' id='word_1_216' title='bbox 906 3543 1019 3612; x_wconf 79' lang='lat' dir='ltr'><strong>addidi]</strong></span> 
     </span>
    </p>

    <p class='ocr_par' dir='ltr' id='par_1_4' title="bbox 340 3636 798 3703">
     <span class='ocr_line' id='line_1_29' title="bbox 340 3636 798 3703; baseline 0 -13"><span class='ocrx_word' id='word_1_217' title='bbox 340 3644 373 3680; x_wconf 78' lang='lat'><strong>⁵³</strong></span> <span class='ocrx_word' id='word_1_218' title='bbox 395 3636 475 3690; x_wconf 85' lang='lat' dir='ltr'><strong>Conf.</strong></span> <span class='ocrx_word' id='word_1_219' title='bbox 494 3653 518 3688; x_wconf 85' lang='lat' dir='ltr'><strong>v.</strong></span> <span class='ocrx_word' id='word_1_220' title='bbox 538 3653 560 3687; x_wconf 88' lang='lat' dir='ltr'><strong>c.</strong></span> <span class='ocrx_word' id='word_1_221' title='bbox 580 3653 641 3703; x_wconf 83' lang='lat' dir='ltr'><strong>pag.</strong></span> <span class='ocrx_word' id='word_1_222' title='bbox 651 3637 676 3689; x_wconf 84' lang='lat'><strong>3.</strong></span> <span class='ocrx_word' id='word_1_223' title='bbox 695 3639 798 3690; x_wconf 68' lang='lat' dir='ltr'><strong>verso.</strong></span> 
     </span>
    </p>

    <p class='ocr_par' dir='ltr' id='par_1_5' title="bbox 215 3715 1321 4083">
     <span class='ocr_line' id='line_1_30' title="bbox 335 3715 1321 3802; baseline 0 -18"><span class='ocrx_word' id='word_1_224' title='bbox 335 3737 369 3772; x_wconf 78' lang='lat'><strong>⁵⁴</strong></span> <span class='ocrx_word' id='word_1_225' title='bbox 391 3733 548 3798; x_wconf 84' lang='lat' dir='ltr'><strong>llxemplum</strong></span> <span class='ocrx_word' id='word_1_226' title='bbox 562 3715 671 3782; x_wconf 81' lang='lat' dir='ltr'><strong>exhibet</strong></span> <span class='ocrx_word' id='word_1_227' title='bbox 683 3732 768 3798; x_wconf 85' lang='lat' dir='ltr'><strong>prima</strong></span> <span class='ocrx_word' id='word_1_228' title='bbox 781 3733 872 3786; x_wconf 87' lang='lat' dir='ltr'><strong>statim</strong></span> <span class='ocrx_word' id='word_1_229' title='bbox 885 3735 992 3800; x_wconf 80' lang='lat' dir='ltr'><strong>pagina.</strong></span> <span class='ocrx_word' id='word_1_230' title='bbox 1018 3736 1085 3786; x_wconf 82' lang='lat' dir='ltr'><strong>Nem</strong></span> <span class='ocrx_word' id='word_1_231' title='bbox 1099 3733 1233 3802; x_wconf 88' lang='lat' dir='ltr'><strong>principii,</strong></span> <span class='ocrx_word' id='word_1_232' title='bbox 1248 3733 1321 3801; x_wconf 87' lang='lat' dir='ltr'><strong>quod</strong></span> 
     </span>
     <span class='ocr_line' id='line_1_31' title="bbox 262 3821 1320 3895; baseline -0.004 -15"><span class='ocrx_word' id='word_1_233' title='bbox 262 3830 315 3880; x_wconf 83' lang='lat' dir='ltr'><strong>tale</strong></span> <span class='ocrx_word' id='word_1_234' title='bbox 335 3832 387 3878; x_wconf 84' lang='lat' dir='ltr'><strong>est:</strong></span> <span class='ocrx_word' id='word_1_235' title='bbox 407 3828 446 3892; x_wconf 90' lang='lat' dir='ltr'><strong>„l.</strong></span> <span class='ocrx_word' id='word_1_236' title='bbox 466 3830 505 3879; x_wconf 81' lang='lat' dir='ltr'><strong>De</strong></span> <span class='ocrx_word' id='word_1_237' title='bbox 517 3827 574 3877; x_wconf 81' lang='lat' dir='ltr'><strong>iure</strong></span> <span class='ocrx_word' id='word_1_238' title='bbox 586 3828 704 3892; x_wconf 66' lang='lat' dir='ltr'><strong>petatium</strong></span> <span class='ocrx_word' id='word_1_239' title='bbox 717 3829 765 3878; x_wconf 85' lang='lat' dir='ltr'><strong>et&#39;&#39;</strong></span> <span class='ocrx_word' id='word_1_240' title='bbox 785 3827 898 3893; x_wconf 82' lang='lat' dir='ltr'><strong>vestigia</strong></span> <span class='ocrx_word' id='word_1_241' title='bbox 912 3821 939 3880; x_wconf 84' lang='lat' dir='ltr'><strong>in</strong></span> <span class='ocrx_word' id='word_1_242' title='bbox 953 3829 1047 3882; x_wconf 83' lang='lat' dir='ltr'><strong>codice</strong></span> <span class='ocrx_word' id='word_1_243' title='bbox 1062 3831 1232 3894; x_wconf 79' lang='lat' dir='ltr'><strong>agnovimus:</strong></span> <span class='ocrx_word' id='word_1_244' title='bbox 1250 3842 1320 3895; x_wconf 82' lang='lat' dir='ltr'><strong>quae</strong></span> 
     </span>
     <span class='ocr_line' id='line_1_32' title="bbox 262 3921 1320 3992; baseline 0 -19"><span class='ocrx_word' id='word_1_245' title='bbox 262 3927 352 3973; x_wconf 83' lang='lat' dir='ltr'><strong>autern</strong></span> <span class='ocrx_word' id='word_1_246' title='bbox 370 3926 519 3989; x_wconf 81' lang='lat' dir='ltr'><strong>sequuntur</strong></span> <span class='ocrx_word' id='word_1_247' title='bbox 537 3937 623 3988; x_wconf 87' lang='lat' dir='ltr'><strong>usque</strong></span> <span class='ocrx_word' id='word_1_248' title='bbox 642 3921 675 3972; x_wconf 82' lang='lat' dir='ltr'><strong>ad</strong></span> <span class='ocrx_word' id='word_1_249' title='bbox 694 3928 843 3976; x_wconf 83' lang='lat' dir='ltr'><strong>extremum</strong></span> <span class='ocrx_word' id='word_1_250' title='bbox 861 3939 965 3990; x_wconf 83' lang='lat' dir='ltr'><strong>versum</strong></span> <span class='ocrx_word' id='word_1_251' title='bbox 976 3926 1001 3976; x_wconf 82' lang='lat'><strong>3.</strong></span> <span class='ocrx_word' id='word_1_252' title='bbox 1020 3925 1073 3989; x_wconf 78' lang='lat' dir='ltr'><strong>legi</strong></span> <span class='ocrx_word' id='word_1_253' title='bbox 1092 3941 1146 3976; x_wconf 88' lang='lat' dir='ltr'><strong>non</strong></span> <span class='ocrx_word' id='word_1_254' title='bbox 1163 3928 1320 3992; x_wconf 84' lang='lat' dir='ltr'><strong>potuerunt,</strong></span> 
     </span>
     <span class='ocr_line' id='line_1_33' title="bbox 215 3995 1302 4083; baseline 0.003 -19"><span class='ocrx_word' id='word_1_255' title='bbox 215 3995 220 4010; x_wconf 62' lang='lat'>⁸</span> <span class='ocrx_word' id='word_1_256' title='bbox 260 4017 308 4066; x_wconf 84' lang='lat' dir='ltr'><strong>sed</strong></span> <span class='ocrx_word' id='word_1_257' title='bbox 328 4033 342 4066; x_wconf 86' lang='lat' dir='ltr'><strong>e</strong></span> <span class='ocrx_word' id='word_1_258' title='bbox 362 4015 479 4079; x_wconf 84' lang='lat' dir='ltr'><strong>Digestis</strong></span> <span class='ocrx_word' id='word_1_259' title='bbox 498 4019 622 4083; x_wconf 81' lang='lat' dir='ltr'><strong>suppleta</strong></span> <span class='ocrx_word' id='word_1_260' title='bbox 642 4032 754 4083; x_wconf 85' lang='lat' dir='ltr'><strong>earnque</strong></span> <span class='ocrx_word' id='word_1_261' title='bbox 774 4020 808 4068; x_wconf 90' lang='lat' dir='ltr'><strong>ch</strong></span> <span class='ocrx_word' id='word_1_262' title='bbox 829 4034 944 4078; x_wconf 20' lang='lat' dir='ltr'><strong>caussam!</strong></span> <span class='ocrx_word' id='word_1_263' title='bbox 956 4019 1091 4071; x_wconf 83' lang='lat' dir='ltr'><strong>asteriscis</strong></span> <span class='ocrx_word' id='word_1_264' title='bbox 1109 4020 1214 4071; x_wconf 82' lang='lat' dir='ltr'><strong>inclusa</strong></span> <span class='ocrx_word' id='word_1_265' title='bbox 1231 4023 1302 4069; x_wconf 88' lang='lat' dir='ltr'><strong>sunt.</strong></span> 
     </span>
    </p>
   </div>
   <div class='ocr_carea' id='block_1_4' title="bbox 0 0 1528 4792">
    <p class='ocr_par' dir='ltr' id='par_1_6' title="bbox 0 0 1528 4792">
     <span class='ocr_line' id='line_1_34' title="bbox 0 0 1528 4792; baseline 0 1"><span class='ocrx_word' id='word_1_266' title='bbox 0 0 1528 4792; x_wconf 95' lang='lat' dir='ltr'><strong> </strong></span> 
     </span>
    </p>
   </div>
   <div class='ocr_carea' id='block_1_5' title="bbox 1521 1543 1526 2405">
    <p class='ocr_par' dir='ltr' id='par_1_7' title="bbox 1521 1543 1526 2405">
     <span class='ocr_line' id='line_1_35' title="bbox 1521 1543 1526 2405; baseline 0 0"><span class='ocrx_word' id='word_1_267' title='bbox 1521 1543 1526 2405; x_wconf 95' lang='lat' dir='ltr'><strong> </strong></span> 
     </span>
    </p>
   </div>
  </div>
 </body>
</html>
