3048 4792
401 321 537 380 Pntmttt
556 325 719 382 EDl'l'loNl
737 329 947 386 Pnnmmssn.
1001 333 1007 345 ’
1109 343 1216 396 XXXV

45 597 50 602 .
153 502 208 572 rei
232 500 389 596 exempla
416 501 522 576 habes
540 527 617 598 pag.
634 471 718 576 151.
737 528 830 578 vers.
844 505 893 596 6.,
918 506 976 578 ubi
1004 509 1047 581 de
1074 507 1212 605 obliga-

77 621 79 625 ’
153 625 298 700 tionibus
322 621 370 701 'ro
402 633 604 721 contractis,
636 651 714 726 pag.
734 632 818 703 151.
847 653 940 706 vers.
966 633 1045 724 24,
1076 635 1134 708 ubi
1168 639 1212 713 de
1284 641 1287 650 “

151 754 347 828 verborum
361 755 645 850 obligationibus,
671 779 749 860 pag.
765 757 849 830 163.
876 781 969 834 vers.
982 759 1057 852 21,
1084 761 1140 833 ubi
1168 766 1211 837 de

43 985 48 996 x
150 879 425 995 obligationibus„
453 905 541 978 quae
558 905 729 958 consensu
747 871 842 976 liunt,
869 895 904 957 et
920 908 999 982 pag.
1013 886 1098 960 172.
1116 896 1240 962 vers:v
1357 991 1361 999 ι

153 1005 229 1097 m,
257 1007 314 1078 ubi
342 1008 522 1084 demodis
549 1009 721 1082 tollendae
748 1009 964 1105 obligationis
991 1014 1107 1110 incipit
1134 1017 1210 1090 dis-

148 1138 286 1229 putatio.
340 1137 470 1231 ltaque,
487 1137 589 1248 ¹quod
610 1142 680 1230 jam
707 1158 809 1232 supra
836 1137 1040 1232 significavi,
1067 1163 1209 1232 uereor,

147 1269 183 1330 ut
208 1261 379 1353 rubricae,
408 1285 490 1358 quas
513 1265 549 1335 in
567 1263 687 1335 codice
707 1264 1005 1359 deprehendimus,
1033 1264 1118 1360 Gaio
1145 1270 1210 1364 ipsi

147 1387 350 1462 tribuendae
368 1393 443 1464 sint.
483 1392 529 1488 Vt
555 1398 668 1462 autem
693 1391 830 1484 insigne
856 1392 992 1487 aliquod
1018 1416 1209 1489 perversae

148 1511 372 1590 distinctionis
391 1517 585 1613 exemplum
602 1517 760 1590 aderam:
786 1520 822 1590 in
848 1517 1013 1613 singulari
1039 1519 1096 1593 illo
1123 1521 1208 1594 lolio

149 1641 192 1712 de
203 1643 527 1739 praescriptionibus
539 1654 575 1748 et
584 1644 772 1718 interdictis
784 1647 931 1740 paginae
943 1647 1067 1741 prioris
1080 1646 1208 1739 (235.)

147 1783 288 1870 versum
300 1770 335 1838 6.
355 1769 479 1839 claudit
496 1793 569 1841 vox
591 1765 777 1840 sublectae
794 1771 829 1838 in
847 1768 958 1843 media
981 1770 1093 1843 lineae
1111 1783 1208 1866 parte

146 1895 275 1987 posita,
308 1903 342 1965 at
368 1889 397 1966 a‘
415 1893 527 1966 uerbo
554 1871 659 1980 aunt,
687 1894 881 1987 quodcum
907 1917 998 1966 voce
1023 1892 1209 1967 sublectae

142 2021 305 2114 conjungi
338 2019 458 2123 debet,
490 2041 603 2092 novus
635 2041 761 2093 versus
791 2023 925 2120 incipit,
957 2023 993 2092 in
1019 2025 1208 2116 marginem

143 2148 359 2241 prominente
386 2147 497 2218 littera
522 2170 559 2234 a,
586 2167 674 2240 quae
700 2169 784 2241 prae
810 2146 950 2244 reliquis
975 2150 1207 2242 magnitudine

144 2295 280 2369 quoque
308 2278 492 2371 conspicua
520 2283 582 2346 est.
628 2273 756 2346 Omnes
783 2275 885 2366 igitur
911 2277 993 2348 istas
1013 2275 1207 2350 distinctio-

145 2421 208 2472 nes
232 2411 390 2473 accurate
414 2383 550 2496 qutidem
577 2400 788 2489 indicandas,
815 2423 930 2476 nouae
956 2413 1070 2476 umen
1095 2406 1206 2500 parti-

144 2531 250 2619 tioni,
268 2549 355 2624 quae
382 2527 446 2601 sibi
472 2530 581 2622 magis
605 2536 791 2616 constaret,
819 2533 919 2623 atque
946 2528 1135 2603 iaciliorem
1162 2529 1207 2603 ad

144 2654 400 2748 intelligendum
422 2653 585 2726 redderet
602 2663 878 2753 argumentorum
900 2657 990 2726 inter
1008 2679 1048 2728 se
1065 2679 1207 2745 nexrnn,

145 2779 399 2873 postponendas
427 2779 518 2870 duxi.
571 2775 656 2848 Cum
683 2787 795 2846 autem
822 2799 913 2847 noua
941 2779 1110 2849 titulorum
1138 2780 1206 2849 de·

145 2906 282 3002 scriptio
310 2873 466 2998 magnam
493 2901 636 2982 haberet
661 2911 696 2972 et
719 2899 948 2976 difficultatem
967 2901 1206 2976 etdubitatio-

144 3054 236 3122 nem,
263 3033 298 3102 iri
317 3053 360 3103 eo
379 3027 524 3119 substiti,
551 3031 695 3125 primum
712 3038 747 3098 ut
763 3039 1040 3122 argumentorum
1058 3052 1206 3105 summas

144 3161 179 3228 in
202 3173 360 3254 suprema
378 3142 579 3250 paginarum
596 3166 693 3252 parte
711 3153 993 3244 adscriberem²⁴3
1022 3155 1146 3230 deinde
1166 3167 1206 3228 -ut

145 3283 296 3378 singulos
321 3277 584 3380 commentarios
608 3283 681 3356 suis.
702 3282 947 3376 distinguerem
969 3284 1205 3380 paragraphis,
1249 3291 1252 3309 '

145 3411 273 3505 basque
300 3411 472 3483 sitsimilis
500 3420 618 3484 essent
644 3411 848 3502 argumenti,
875 3411 1047 3500 continua,
1075 3413 1128 3483 sin
1146 3411 1204 3481 di-

17 3587 24 3596 ·
144 3539 251 3626 versi,
279 3539 465 3633 interrupta
489 3540 581 3610 serie
605 3531 847 3608 omitterent
888 3535 963 3622 Quo
986 3547 1086 3632 pacto
1105 3539 1205 3608 etiam

217 3727 253 3763 ²⁴
281 3719 316 3774 ln'
330 3721 371 3774 his
389 3720 623 3789 inscriptionibus,
648 3737 682 3772 ne
700 3736 754 3788 qua
772 3707 842 3770 forte
861 3736 895 3774 ex
912 3719 1000 3772 minus
1019 3719 1119 3772 usitato
1138 3719 1207 3772 scri·

144 3819 240 3882 pinnae
253 3817 413 3884 compendio
426 3816 542 3869 oriretur
556 3814 698 3881 dubitatio,
716 3814 837 3880 singulos
855 3814 1061 3876 commentarios
1082 3831 1136 3866 non
1154 3814 1204 3868 lroc
1225 3840 1228 3845 ·

145 3910 319 3976 compendio:
339 3912 448 3972 Gomm„
467 3911 516 3963 a‘ed
534 3910 614 3962 solito
632 3909 691 3962 illo:
709 3909 770 3962 ttt.
790 3907 948 3974 significari.

219 4007 254 4042 ²⁵
282 4007 311 4056 ln
334 4003 368 4057 iis
385 4005 467 4072 locis,
489 4005 536 4074 qui
555 4004 660 4058 lacunis
678 4005 816 4069 laborant,
835 4003 904 4055 banc
921 4006 1042 4070 regulam
1060 4007 1205 4060 observan-

145 4099 203 4148 dam
224 4095 298 4162 duxi,
318 4102 347 4147 ut
365 4115 449 4150 novae
467 4087 627 4166 paragraphi
643 4099 748 4190 sig'n
761 4097 919 4166 posteriore,
938 4113 1017 4165 quarn
1037 4099 1125 4164 priore
1144 4100 1203 4149 loco

955 4203 973 4247 c
989 4189 1000 4215 11
