3048 4792
576 292 778 353 PRAEFATIO
798 277 965 340 notionis

255 343 298 396 LX

254 467 729 575 mttonumconlinentnrictia
742 463 814 531 tria.
842 455 972 526 ilerum
983 449 1188 536 lulioramo
1200 467 1302 571 manu

254 629 299 712 ei,
325 615 473 714 quaein
501 603 702 696 Fragmento
729 585 772 656 de
799 582 878 653 lure
905 579 996 652 Fisoi
1024 573 1302 671 deprehenditur,

254 742 364 836 simili,
392 740 510 816 litteris
529 743 637 802 tamon
660 709 759 810 paulo
777 707 962 781 minoribus
982 713 1200 780 exaratorum
1218 699 1301 770 ulti·-

253 893 343 950 mum
368 867 565 956 rescriptum
584 854 652 930 est:
679 842 714 909 in
736 835 905 933 prioribus
923 845 1047 924 autem,
1074 832 1154 902 boet
1171 838 1206 900 ct
1227 830 1302 923 ipsa

255 1007 298 1078 ad
320 982 571 1072 rescribendum
595 974 795 1066 praeparata
812 963 1006 1051 videantur,
1033 961 1191 1052 antiquae
1209 956 1302 1028 scri-

251 1140 370 1224 ptume
391 1106 543 1197 vestigiis
565 1095 657 1168 nulla
678 1114 769 1165 nova
794 1090 1033 1186 superinducta
1051 1094 1113 1160 cst.
1152 1084 1301 1156 Primum

252 1249 367 1322 fobnm
393 1261 412 1307 a
438 1226 605 1328 prooemii
631 1231 786 1294 extreme
814 1221 850 1308 §.
865 1221 899 1288 5.
927 1218 1043 1311 incipit
1070 1223 1105 1286 et
1130 1212 1174 1284 ad
1199 1209 1302 1282 duem

252 1377 327 1448 fere
352 1363 433 1436 tituli
456 1356 500 1427 de
514 1352 647 1444 ¹justitia
674 1355 708 1419 et
729 1350 806 1439 jura
833 1344 1043 1418 extenditur:
1072 1338 1213 1412 alterumn
1241 1336 1302 1410 fo-

250 1485 328 1574 lium
355 1488 499 1562 indicem
527 1475 679 1564 exhibet,
706 1476 761 1568 qui
777 1475 876 1570 primi
895 1479 929 1544 ct
947 1468 1088 1544 secundi
1114 1463 1190 1538 libri
1214 1467 1303 1536 titu-

250 1630 300 1699 los
319 1625 449 1697 omnes,
477 1607 566 1676 tertii
593 1603 705 1675 titulos
729 1604 875 1696 quinque
901 1602 1034 1696 priores
1052 1594 1301 1690 complectitur:

144 1797 148 1805 ·
250 1758 284 1824 in
310 1743 408 1816 tertio
436 1735 580 1829 denique
607 1731 689 1806 folio
716 1729 828 1802 titulus
856 1728 999 1820 dejure
1026 1719 1181 1811 naturali,
1209 1741 1305 1813 gen·-

252 1881 331 1948 tium
352 1875 390 1936 ‘ct
417 1859 507 1931 civili
534 1883 553 1932 a
579 1862 691 1932 media
710 1858 794 1948 §.tl
812 1857 945 1949 legitur.
985 1853 1082 1925 ilaec
1108 1860 1222 1919 tamen
1239 1849 1304 1919 lu-

251 1997 488 2075 stinianearum
505 1988 751 2060 Institutionum
778 1984 980 2076 fragmenta,
1007 1975 1161 2071 quumvis
1187 1978 1305 2042 notatu

253 2129 365 2214 digna,
393 2135 462 2185 non
487 2116 569 2184 tanti
593 2123 670 2185 sumt
692 2114 866 2200 momenti,
893 2120 929 2179 ut
956 2101 1147 2196 comparari
1173 2099 1304 2192 possint

252 2245 361 2324 codici
379 2235 503 2311 LX.⁷⁷.v
534 2239 567 2310 Is
594 2263 684 2311 nunc
710 2238 800 2312 foliis
827 2229 1098 2307 membranaceis
1113 2225 1197 2314 107,
1224 2223 1304 2295 ior-

134 2443 137 2450 ,
252 2393 346 2457 mae,
374 2387 472 2460 quam
499 2365 612 2436 dicunt
638 2370 673 2438 in
700 2367 801 2453 folio,
830 2357 1054 2450 angustioris,
1083 2351 1329 2448 synodalium·

254 2499 431 2573 Oanonum
458 2493 621 2586 epitomas
648 2483 814 2566 continet:
849 2495 882 2554 at
908 2480 989 2553 folia
1012 2481 1071 2552 IV.
1087 2521 1131 2532 -
1146 2478 1302 2550 LXXXI.

253 2625 333 2698 olim
366 2617 502 2690 alterius
532 2617 627 2709 libri,
661 2620 717 2711 qui
743 2609 919 2683 Iustiniani
947 2604 1109 2679 Codicem
1139 2607 1305 2698 repetitae

253 2743 492 2848 prdelectionis
520 2731 595 2814 cum
628 2738 791 2832 adjunctis
824 2732 966 2806 scholiis
987 2729 1128 2806 Graecis
1156 2728 1304 2802 exbibe-

254 2879 324 2960 bat',
342 2879 473 2963 partem
491 2871 751 2940 constituerunt:
774 2862 809 2931 id
824 2860 914 2954 quod
931 2864 1056 2955 primus
1069 2858 1306 2932 animadvertit

256 2993 485 3096 Belrkerus.
530 2995 569 3065 In
587 2977 757 3086 primitivo
774 2985 839 3058 boc
860 2985 946 3058 libro
964 2987 1042 3058 bina
1059 3009 1189 3076 eorum,
1215 3005 1303 3079 proc

255 3205 391 3270 scriptura
410 3201 527 3254 anterior
546 3198 601 3250 sive
620 3199 710 3249 abluta
729 3201 782 3261 est,
805 3195 860 3248 sive
879 3197 983 3247 abrasa:
1005 3202 1184 3248 verumtamen
1201 3194 1305 3246 tenuis-

256 3301 327 3356 sima
345 3296 460 3361 vestigia
473 3292 567 3346 ‘murari
585 3309 638 3345 non
658 3290 755 3355 destiti,
774 3293 854 3357 atque
872 3294 903 3340 ut
921 3291 1080 3344 translucida
1096 3292 1193 3344 fierent
1206 3279 1304 3341 lumini

259 3404 345 3455 nsque
363 3391 432 3441 adeo
451 3390 582 3453 obiicere,
600 3371 684 3438 donec
702 3385 845 3449 majoribus
863 3389 891 3434 et
909 3386 1073 3450 elegantibus
1090 3387 1175 3438 literis
1194 3385 1305 3436 institu-
1419 3391 1429 3398 '

260 3487 348 3537 tiones
368 3483 405 3535 ibi
432 3485 494 3536 olim
517 3481 675 3550 perscriptas
691 3459 834 3532 intellexi.'
866 3481 964 3532 Versus
985 3479 1086 3548 aliquot
1109 3497 1143 3534 ex
1166 3479 1245 3532 titulo
1270 3479 1303 3528 de
1381 3537 1385 3546 Ι

261 3575 370 3631 iustitie
389 3583 417 3628 et
431 3577 491 3642 jure
509 3578 627 3642 integros
643 3576 750 3643 excepi:
768 3574 795 3626 in
810 3573 855 3626 iis:
874 3582 914 3626 ert
932 3583 1056 3626 consertos
1070 3582 1097 3626 ot
1108 3583 1240 3643 perpetuo
1258 3589 1304 3622 vo-

263 3676 354 3723 luutas
373 3672 420 3738 jus
442 3691 516 3725 sunm
539 3675 627 3740 orsique
653 3671 784 3733 tribucum
811 3687 879 3738 quae
904 3669 1078 3736 proculdubio
1103 3668 1239 3736 probatior
1264 3671 1305 3716 est

262 3765 359 3827 lectio,
383 3783 460 3834 quam
486 3767 627 3820 tribuendi.
675 3769 713 3817 lta
737 3765 834 3831 legisse
859 3765 963 3818 videtur
984 3766 1017 3817 D.
1040 3762 1222 3829 Augustinus,
1243 3775 1303 3813 cum

242 3912 245 3926 ,
264 3857 369 3924 scripsit
387 3861 507 3915 virtutem
525 3877 592 3926 esse,
611 3877 676 3929 quac
693 3877 742 3912 suo
761 3863 851 3927 critque
870 3857 1032 3910 distribuit.”

338 3957 370 3991 'i
400 3956 487 4020 (conf.
508 3957 645 4011 Blubmii
669 3959 723 4007 lter
747 3953 875 4006 italicum.
912 3955 1004 4004 llrster
1021 3952 1105 4003 Band.
1142 3950 1232 4002 Rerlin
1251 3951 1305 4000 und

265 4045 371 4099 stettin.
392 4052 464 4106 tunt.
483 4057 507 4108 8·
525 4069 586 4121 pag.
598 4049 737 4112 262263.)
