3048 4792
276 303 315 353 lV
712 293 909 346 unotcfflo

278 469 334 541 die
362 472 472 565 potius
500 491 596 564 quarn
625 491 701 540 cras
728 471 772 540 ita
801 469 1026 564 publicentur,
1053 481 1088 541 ut
1115 471 1158 541 ad
1176 469 1243 541 Dei
1270 444 1339 540 im·

281 614 431 687 mortalis
458 613 613 706 gloriam,
642 615 685 685 ad
713 636 820 684 verae
845 617 1009 686 scientiae
1037 613 1342 710 amplificationem,

280 759 323 830 ad
355 757 523 860 bonorum
548 759 773 859 ,ingeniorum
805 757 1016 851 alimentum,
1050 781 1149 855 quam
1181 759 1343 855 plurimus

275 903 356 974 inde
384 902 514 974 iruotus
542 901 723 974 redundet.

381 1046 496 1132 Quare
515 1068 592 1116 cum
604 1044 847 1138 Augustissimi
860 1047 968 1140 Regis
986 1050 1094 1118 nostri
1112 1048 1156 1119 ad
1169 1047 1341 1120 Summum

277 1189 479 1264 Pontificem
499 1157 644 1280 orator,
673 1189 808 1282 collega
834 1198 967 1279 nester,
995 1185 1044 1258 B.
1068 1185 1114 1260 G.
1137 1185 1343 1278 Niobam,

144 1353 148 1363 “
278 1340 333 1412 vir
359 1335 402 1407 ad
431 1333 623 1408 excolenda
652 1339 685 1406 et
712 1334 904 1427 adjuvanda
937 1337 1063 1428 optima
1096 1335 1204 1407 studia
1232 1343 1342 1422 natus,

207 1545 208 1548 ,
278 1481 400 1554 urbem
417 1480 578 1553 Vestram
602 1489 681 1550 ante
705 1479 768 1551 hos
793 1487 948 1573 quattuor
970 1501 1079 1551 annos
1098 1482 1258 1551 transiret
1277 1502 1342 1549 ce-

278 1625 565 1717 leberrimamque
596 1621 688 1697 illam
720 1621 959 1714 bibliothecam
997 1626 1151 1698 invisere
1184 1628 1342 1719 cuperet3

280 1769 355 1842 Vos
382 1777 539 1863 tanquam
558 1767 685 1840 Vestro
710 1791 786 1839 cam
809 1725 989 1862 aperuistis
1014 1777 1048 1841 et
1069 1771 1270 1864 permisistis
1293 1778 1342 1854 ut,

280 1934 369 2006 quae
385 1910 503 1998 vellet,
532 1872 724 2002 diligentius
751 1911 808 1980 ille
832 1914 1019 2006 inspiceret
1037 1922 1070 1982 et
1087 1883 1341 1984 transcriberet.

282 2057 334 2128 lta
366 2054 492 2126 factum
527 2062 579 2126 est
610 2062 646 2122 ut
679 2051 928 2125 codicis-illius
962 2055 1217 2149 pretiosissimi,
1250 2057 1343 2146 cujus

171 2253 180 2276 ι
280 2200 479 2300 particulam
501 2198 571 2289 jam
597 2197 652 2268 vir
677 2195 734 2267 ille
759 2196 985 2288 doctissimus,
1013 2220 1113 2292 quem
1140 2221 1237 2270 suum
1263 2198 1342 2270 olim

281 2347 391 2420 luisse
418 2344 545 2417 Vestra
573 2339 713 2410 Verona
741 2343 874 2412 merito·
891 2339 955 2414 sibi
981 2342 1184 2434 gratulatur,
1213 2337 1342 2436 Scipio

204 2592 211 2597 .
282 2482 483 2584 Maffcc‘as,
515 2482 623 2598 veluti
656 2503 825 2590 augurans
853 2488 965 2578 quanti
998 2486 1147 2558 thesauri
1178 2489 1340 2582 primitias

283 2629 360 2703 orbi
386 2628 534 2698 litterato
562 2587 727 2718 aderrat,
740 2625 870 2722 publici
892 2631 977 2721 juris
1005 2629 1155 2721 lecerat,
1184 2633 1255 2722 ejus
1282 2633 1340 2702 in-

284 2742 384 2868 quam
402 2769 530 2843 codicis
555 2780 692 2842 ceterae
719 2793 853 2868 quoque
875 2783 988 2868 partes
1013 2775 1232 2848 absconditae
1250 2775 1339 2847 huc-

283 2905 391 3010 usque
419 2921 453 2984 et
485 2912 569 3024 alius
603 2917 716 3008 operis
751 2884 1004 2988 characteribus
1037 2918 1196 3008 obrutae,
1229 2919 1339 2990 studio
1422 2938 1426 2945 ·

286 3066 321 3129 et
354 3058 540 3148 sagacitate
573 3053 639 3129 ¹viri
672 3058 787 3152 optimi
820 3058 1072 3151 detegerentur.
1135 3061 1254 3157 Neque
1286 3063 1340 3134 bic

285 3199 432 3272 substitit
458 3198 585 3271 Vester
613 3222 696 3292 erga
722 3199 829 3276 bonas
858 3202 1093 3298 artes1iauor3
1127 3227 1238 3300 neque
1266 3206 1339 3278 Vos

286 3325 481 3457 thesaurum
508 3341 614 3431 hunc,
642 3343 730 3436 qrrcd
746 3343 811 3414 ‘alii
837 3345 1011 3437 fecissent,
1039 3370 1128 3420 nunc
1154 3360 1210 3420 aut
1235 3343 1339 3421 inulto
1436 3375 1440 3388 ·

286 3484 396 3578 magis
423 3486 525 3556 anxie
552 3484 796 3578 secludebatis,
829 3499 885 3560 aut
911 3513 999 3563 vanu
1026 3491 1100 3564 Vos
1131 3494 1340 3588 patriamque

289 3627 451 3700 celeriori
482 3648 581 3722 quarn
614 3628 764 3702 solidiori
797 3632 928 3706 honore
960 3635 1127 3705 mactandi
1160 3636 1340 3729 cupiditate

289 3767 437 3865 abrepti,
469 3773 576 3846 miuus
605 3777 798 3847 exercitatis
825 3775 978 3849 manibus
1004 3776 1237 3847 adornandum
1264 3787 1339 3848 tra-

292 3911 436 3986 debatis:
464 3916 525 3987 sed
548 3939 623 3989 curn
647 3919 826 3992 audissetis
851 3941 929 3992 esse
953 3919 1042 4013 apud
1064 3940 1128 3991 nos
1151 3922 1245 3992 uiros
1272 3923 1339 3994 ali-

290 4077 385 4149 quos,
411 4061 465 4152 qui
491 4059 556 4132 hoe
580 4032 790 4156 potissimum
808 4065 937 4151 jurium
957 4061 1157 4154 antiquitatis
1182 4045 1337 4156 studium,
