3048 4792
262 313 347 365 tvtti
600 303 805 358 PRAEFATIO
823 303 994 358 [tutionis

262 489 412 550 tenorum
438 478 547 552 forma
564 481 608 552 de
625 488 737 554 neiute
763 478 1039 552 membranorum
1062 475 1144 550 nibil
1170 485 1321 549 stutuere

180 611 183 616 “
264 627 365 680 ausus
392 602 491 679 est⁷².

344 734 384 806 In
401 733 545 808 edendis
562 734 614 806 bis
632 733 784 828 reliquiis
800 734 835 804 in
852 735 1051 808 universum
1063 730 1199 828 quidem
1216 728 1322 820 idem,

262 860 350 956 quod
376 863 411 934 in
439 859 514 953 Guji
541 858 826 950 institutionibus,
859 860 1037 934 eonsilium
1062 867 1200 933 secutus
1227 877 1320 944 sunm

261 988 427 1082 quaedam
445 997 560 1058 tumen
577 985 675 1058 ulitur
692 988 831 1060 institui.
871 986 959 1059 Num
975 987 1011 1058 in
1030 987 1205 1063 erutione
1222 1003 1320 1054 mur·-

261 1117 343 1207 gine
360 1135 432 1188 non
448 1115 591 1208 paginus
610 1116 740 1204 notavi,
758 1113 821 1187 sed
838 1113 1029 1188 colmnuus:
1053 1112 1178 1186 deinde
1196 1110 1240 1184 ud
1252 1109 1320 1182 de-

200 1310 202 1316 ,
263 1240 447 1334 signandus
464 1240 604 1312 lacunas
620 1241 775 1334 integros
793 1260 918 1316 versus
935 1239 1133 1338 complexus
1150 1261 1213 1335 pro
1230 1259 1319 1333 quu-

162 1415 167 1426 1
261 1368 367 1439 ternis
384 1353 636 1439 binusudbibui
653 1367 763 1442 lineus
781 1370 929 1463 majores
943 1369 1113 1459 (—--··
1129 1367 1319 1458 —--);

260 1494 296 1566 in
319 1491 536 1568 brevioribus
555 1504 667 1566 nutem
688 1495 819 1571 lacunis
836 1503 978 1593 praeter*
999 1497 1151 1570 minores
1173 1494 1248 1567 iiius
1270 1493 1319 1564 li-

261 1641 346 1696 neas
366 1622 467 1714 (-),
496 1621 615 1717 quibus
641 1622 810 1698 indicetur
830 1626 930 1696 trium
953 1627 1140 1698 litterarum
1163 1623 1319 1719 spatium,

260 1747 334 1822 aliis
352 1770 486 1845 quoque
503 1771 585 1826 usus
603 1773 677 1826 sum
695 1753 926 1830 minutissimis
949 1754 1050 1829 lineis
1069 1755 1147 1845 (·),
1174 1760 1211 1821 nt
1228 1749 1319 1821 duu-

259 1899 333 1950 rum
359 1875 546 1950 littern'rum
573 1883 716 1974 spatium
740 1879 1030 1974 significarem⁷²⁸.
1070 1879 1190 1970 siglas·
1206 1895 1319 1968 pecu·-

257 2002 350 2076 liuris
378 2003 519 2074 exhibet
544 2004 651 2074 index
672 2015 751 2097 post
773 2028 864 2095 eum,
892 2007 948 2098 qui
972 2006 1016 2076 ud
1034 2003 1110 2093 ani
1127 2001 1319 2102 Institutio-

258 2153 322 2207 ues
348 2132 509 2224 pertinet,
536 2127 732 2211 collocutus.

347 2253 468 2344 Multo,
503 2275 590 2348 quae
623 2253 666 2326 de
694 2254 769 2348 Guji
802 2245 1071 2328 institutionibus
1103 2251 1251 2346 adjicere
1282 2256 1319 2324 in

259 2381 371 2451 ummo
400 2379 586 2469 habebam,
620 2383 717 2476 spatii
749 2382 827 2452 huic
850 2376 1062 2475 'praefationi
1089 2382 1258 2455 constituti
1285 2389 1320 2454 et

261 2508 425 2601 temporis
453 2505 636 2600 ungustiis'⁷
671 2510 848 2602 quominus
874 2527 966 2576 nunc
991 2528 1178 2602 proponam
1203 2512 1319 2602 impe-

263 2635 347 2708 dior.
402 2634 443 2705 In
469 2631 589 2728 quibus
621 2619 718 2704 illud.
735 2629 871 2726 quidem
902 2630 1077 2706 levissime
1104 2631 1200 2721 iero,
1232 2634 1321 2726 quod

260 2771 419 2856 negatum
445 2761 525 2834 mibi
551 2758 659 2834 video
687 2759 970 2853 opportunitatem
998 2757 1104 2832 fusius
1131 2754 1321 2854 disputandi

255 2889 307 2958 de
325 2885 512 2959 commodis
532 2908 579 2955 ex
599 2886 741 2955 invento
760 2883 826 2957 hoc
843 2884 1002 2958 thesauro
1022 2885 1065 2956 nd
1081 2888 1167 2978 juris
1186 2885 1318 2957 doctri-

260 3035 339 3084 nam
357 3008 624 3081 redundantibus
632 3005 667 3079 ⁷³.
696 3009 782 3081 Nam
802 3013 935 3105 siquis,
955 3014 1047 3104 cujus
1064 3035 1134 3086 uon
1150 3015 1317 3109 sitpree-

262 3145 446 3228 occupatus
473 3137 617 3243 unimus,
644 3135 702 3208 vel
729 3136 930 3209 festinanter
954 3140 1143 3234 inspexerit
1162 3139 1235 3234 uaji
1253 3142 1318 3212 ln-

339 3321 374 3357 t²
396 3316 456 3368 Vid.
476 3315 631 3370 Zeitscbrist
648 3318 692 3370 fiir
709 3320 1010 3386 geschicbt1.Rechtew.
1029 3325 1107 3378 Tom.
1121 3328 1168 3379 lii.
1185 3343 1247 3393 pag.
1258 3328 1318 3378 132.

263 3413 342 3463 Tom.
355 3412 398 3462 iv.
416 3425 479 3475 pag.
489 3409 551 3461 481.

334 3501 401 3568 [Ηὲι
424 3502 564 3556 Quaedam
582 3503 685 3558 minute
697 3523 785 3576 neque
800 3512 890 3577 magni
902 3513 1030 3565 momenti
1049 3513 1132 3567 tacite
1151 3514 1266 3581 comexi,
1284 3531 1318 3566 nc

264 3595 370 3659 adjecto
384 3595 492 3663 quidem
505 3595 559 3649 Sic
574 3597 620 3650 illo
633 3601 666 3652 de
679 3618 731 3669 qno
746 3603 832 3656 dicum
842 3622 1011 3673 peg.uxv111:
1030 3625 1091 3660 num
1104 3609 1241 3661 addebant
1253 3608 1318 3662 mibi

185 3679 187 3688 '
263 3689 389 3742 fiduciam
412 3689 566 3757 apographa
585 3693 652 3760 duo,
675 3698 786 3750 alterum
806 3683 989 3753 Giiscbenii
1007 3703 1121 3754 alterum
1139 3702 1318 3768 Hoiiwegii

265 3797 346 3833 uranu
363 3782 472 3849 sactum,
492 3783 587 3852 quibus
605 3787 671 3841 nihii
688 3792 747 3844 fieri
765 3798 854 3860 potest
871 3795 1046 3863 accuratius]
1126 3841 1129 3846 r

341 3879 374 3916 '⁸
400 3877 455 3944 (Dc
472 3877 522 3931 buc
540 3896 568 3932 re
587 3899 683 3950 nuper·
694 3882 920 3956 doote'exposnit
937 3888 1135 3942 Celeberrimos
1153 3890 1320 3944 Sclrrade-

266 3961 329 4020 rus.
361 3970 419 4025 Vid.
437 3972 543 4027 libellus
555 3975 594 4028 sic
607 3977 765 4047 inscriptus:
788 3983 849 4034 Wus
862 3982 981 4048 gewinnt
995 3979 1038 4032 die
1051 3980 1194 4034 Romiscbe
1205 3982 1320 4036 Rechts-

229 4053 233 4060 ’
267 4061 419 4125 geschichte
438 4069 520 4123 ‹lurcb
539 4071 622 4137 Caius
641 4072 851 4126 iustitutionem?
875 4073 1038 4127 Untersucbt
1057 4091 1108 4127 von
1124 4075 1181 4128 Ed.
1200 4076 1321 4130 Schra-
