3048 4792
254 250 258 267 '
287 267 367 318 mr
632 251 837 341 incursuro
855 249 1026 306 unisonus

395 429 561 502 Primitivi
588 429 704 526 aperis
731 427 843 501 titulus
868 427 904 512 in
932 421 1262 498 concamium
1289 441 1358 494 re·

292 559 437 655 paritur:
465 559 544 652 quin
569 558 783 652 singulorum
806 573 940 649 queque
965 551 1129 625 libranum
1155 547 1359 644 inscriptio-

231 673 237 686 ’
292 705 358 758 nes
384 682 641 774 desiderantur,
675 701 874 782 quamquam
901 703 987 777 opus
1014 681 1050 752 in
1075 676 1182 748 libros
1210 673 1359 748 dinam

295 830 374 886 esse
406 821 551 886 censat.
606 812 646 884 ln
678 813 754 904 ipso
788 810 879 880 cuim
896 827 1019 904 spere
1050 803 1129 878 talia
1155 809 1357 878 occurrunt:

237 925 243 934 ’
293 934 463 1036 sequenti
489 911 754 1008 cornmcrttnrio
781 937 1006 1034 referemus,
1031 926 1230 1026 superiore
1254 947 1359 998 cem-

293 1059 479 1146 amunio
505 1059 740 1151 tradidimus,
761 1057 888 1158 primo
912 1053 1179 1135 commemoria
1204 1048 1360 1126 rcuatt-
1465 1157 1475 1165 .

295 1209 389 1260 mua.
435 1189 621 1262 Praeterea
645 1189 726 1262 folia
744 1173 886 1261 CXVII.
907 1187 1004 1283 (pag.
1018 1185 1079 1258 53.
1092 1183 1173 1275 54.)
1191 1178 1357 1254 XXXIX.

297 1318 394 1412 (pag.
411 1313 495 1388 187.
512 1315 617 1408 188.)
647 1325 683 1388 et
706 1311 814 1388 XLII.
834 1313 931 1410 (pag.
945 1313 1032 1386 251.
1047 1311 1155 1403 252.)
1182 1311 1228 1382 ita
1255 1329 1357 1380 com-

199 1471 201 1477 *
294 1451 417 1538 parata.
445 1453 540 1532 sunt,
578 1453 615 1514 ut
646 1445 681 1514 in
712 1459 918 1537 unoquoque
951 1439 1185 1513 commentarii
1218 1435 1358 1527 alicujus

297 1565 425 1642 exitum
444 1557 811 1648 contineri'evtdanter
829 1575 1009 1664 appaream
1037 1567 1185 1662 quinimo
1212 1555 1358 1638 infolio
1400 1587 1402 1598 ·

294 1693 458 1770 XXXIX.
478 1704 574 1777 recto
592 1697 689 1792 (pag.
706 1692 812 1788 187.)
830 1694 917 1769 haec
938 1691 1113 1789 leguntur:
1142 1687 1193 1777 tit
1219 1689 1255 1762 n‘r
1281 1708 1358 1760 ec-

289 1819 370 1916 plt'c
393 1821 500 1912 ssiber
516 1826 635 1896 tertius
653 1823 836 1918 explicit).
883 1820 1092 1894 Vlteriorem
1118 1812 1221 1889 stiam
1246 1815 1360 1888 libro-

294 1965 370 2014 rum
397 1946 433 2016 in
459 1965 540 2016 suos
557 1949 722 2038 cuiusque
745 1946 858 2014 titulos
883 1945 1098 2036 partitionem
1115 1937 1273 2009 rubricae
1299 1941 1360 2010 in-

297 2067 411 2139 dicant
442 2069 587 2161 sparsim
616 2069 814 2162 appositae,
845 2088 934 2164 ¹quae
966 2059 1170 2162 plerumque
1197 2088 1359 2143 numeros

298 2190 474 2283 adjunctos
497 2190 633 2264 babent.
678 2189 764 2265 [iud
787 2203 900 2264 tamen
921 2192 1026 2286 lenge
1049 2192 1361 2287 frequentissimum

176 2348 180 2359 ·
300 2325 366 2406 ιιι,
392 2315 496 2410 quod,
523 2316 580 2387 ubi
598 2339 690 2389 nova
706 2316 823 2413 incipit
840 2321 993 2406 materia,
1016 2340 1126 2390 vacua
1143 2319 1234 2391 linea
1250 2343 1359 2416 prae-

300 2438 407 2513 cedit:
437 2433 552 2534 quales
580 2427 714 2536 quidem
739 2444 848 2516 lineas
876 2467 919 2516 eo
947 2443 1089 2516 consilio
1116 2467 1244 2517 vacuas
1272 2446 1360 2518 reli-

300 2569 416 2662 quisse
433 2567 569 2640 videtur
585 2567 754 2658 librarius,
773 2579 810 2640 ut
830 2589 903 2659 eas,
921 2591 1028 2664 opere
1047 2568 1225 2662 aliquando
1243 2581 1360 2644 cetera

175 2671 181 2680 x
297 2687 467 2784 absoluto,
494 2693 638 2767 rubricis
663 2694 879 2789 diligentiore
896 2717 995 2768 manu
1024 2697 1206 2768 exarandis
1233 2696 1360 2792 imple-

297 2829 363 2892 ret.
417 2821 602 2892 Proximus·
621 2844 708 2891 vero
736 2824 877 2915 quisque
903 2835 980 2916 post
1006 2822 1176 2896 rubricam
1204 2822 1359 2916 aliquam,

301 2942 379 3012 sive
398 3025 400 3027 ,
407 2941 476 3027 jam
508 2939 688 3027 insertam,
721 2946 798 3012 siv'e
826 2944 936 3014 adbuc
967 2947 1203 3034 inserendam,
1235 2967 1359 3020 versus

300 3056 516 3154 prominente
527 3060 564 3128 in
580 3065 767 3158 marginem
783 3064 902 3140 initiali
918 3063 1029 3134 littera
1046 3068 1243 3158 insignitum
1271 3073 1359 3164 quod

303 3192 423 3252 tamen.
449 3181 569 3253 horum
601 3206 764 3270 versuum
796 3207 867 3256 nen
899 3189 944 3256 ita
976 3183 1148 3282 preprium
1179 3203 1249 3284 cst,
1279 3197 1358 3306 quin

304 3307 407 3376 etiarn
434 3307 469 3374 in
486 3307 560 3379 aliis
585 3307 781 3400 quibusdam
800 3307 1032 3401 observatum
1036 3315 1087 3386 sit.
1132 3318 1273 3403 Quidam
1291 3323 1358 3396 de-

207 3451 213 3464 ‘
304 3431 409 3521 nique
427 3429 556 3497 articuli
573 3433 761 3527 intervallis
780 3444 992 3526 separantur,
1005 3461 1090 3532 quae
1109 3444 1259 3535 ejusdem
1271 3468 1358 3520 ver-

307 3575 365 3626 sus
392 3543 513 3624 finibus
533 3555 861 3628 circumscribuntur.
905 3537 945 3633 In
968 3567 1067 3638 totius
1085 3579 1196 3642 autem
1223 3572 1358 3666 alicujus

307 3675 439 3746 articuli
467 3678 560 3745 exitu
585 3696 719 3766 unum,
727 3647 903 3838 aliquande
928 3688 994 3760 duo
1016 3702 1140 3784 puncta
1165 3700 1310 3791 posita
1301 3721 1357 3770 rn-

309 3863 652 3921 132.Ό11Χ11233.23.4
681 3823 798 3926 01111111.
811 3877 852 3928 87.
866 3878 908 3930 88.
934 3881 1103 3935 1111111838
1117 3886 1160 3936 88.
1175 3887 1288 3940 CXXV
1301 3893 1358 3944 219
1417 3831 1449 3958 ‚n

309 3956 371 4010 228
401 3956 517 4008 cxxvt.
533 3961 663 4014 133134.
