3032 4792
291 291 357 362 304
441 309 507 362 nie.
519 310 565 360 ιιι.
584 305 638 376 ss.
650 307 784 361 sisere.
818 307 866 361 nn
885 308 982 363 ouen
1001 309 1155 364 noviom.

292 505 355 576 quo
368 491 402 528 ¹⁸
427 482 559 550 minoris
582 482 641 549 luit
655 491 701 545 Η.
730 481 789 548 sed
811 480 933 550 Sabino
948 489 980 526 ¹⁸
1006 481 1148 573 placulit,
1170 479 1302 572 per'mde

289 593 536 674 habendum¹’‚
567 614 605 660 ac
634 594 663 658 si
687 567 835 659 adadu
860 591 922 660 hac
950 603 1042 683 parte
1070 599 1296 668 rnvnrsr1¹¹

291 704 429 772 uerbum
456 703 462 792 Ι
474 702 636 770 adiectum
658 707 812 769 essetv:
843 725 918 770 nam
948 700 1030 798 legis
1058 702 1194 771 latorem
1224 695 1300 771 con-

291 825 415 883 tentum
444 815 612 902 irrislse²⁸,
643 817 752 901 (quod
768 817 881 902 prinus
900 824 1004 900 porte
1027 837 1065 882 eo
1088 813 1192 884 uerbo
1215 833 1339 887 amet

292 927 398 1010 esset)
412 933 461 990 Ν.
505 927 534 1012 §.
548 924 622 989 219.
644 919 731 991 ΕΝ
755 924 885 1015 placuit,
906 926 950 992 ita
973 924 1105 992 demum
1128 949 1170 993 ex
1190 928 1295 996 ista¹⁶

290 1037 364 1128 lege
387 1036 547 1104 actionem
571 1055 662 1120 esse,
692 1035 720 1102 si
741 1037 812 1125 quis
826 1043 860 1080 ²³
888 1035 1041 1125 lcorpore
1064 1058 1123 1102 suo
1147 1036 1300 1104 damnum

292 1134 432 1216 dederit.
455 1145 609 1236 atqui¹⁸,
629 1143 690 1212 alio
708 1145 806 1214 modo
825 1145 941 1213 damno
965 1146 1063 1233 telate,
1084 1146 1180 1214 utiles
1202 1149 1302 1214 actio·

291 1281 350 1328 nes
366 1257 547 1326 dantur²⁹z
571 1254 660 1322 uelut
679 1256 709 1322 si
731 1257 802 1346 quis
824 1254 963 1322 alienum
985 1253 1168 1345 homilnem,
1191 1264 1329 1324 aut³⁰=

290 1369 451 1463 pecudem
472 1366 640 1434 incluserit
668 1376 702 1433 et
730 1369 812 1432 fame
835 1367 1056 1450 neeauerit³¹,
1084 1367 1153 1456 latit
1172 1368 1338 1436 iumen-8

289 1491 360 1548 tum
374 1490 441 1546 tam
458 1477 670 1546 uehementer
686 1476 799 1566 egerit,
821 1486 858 1542 ut
878 1483 1143 1568 rumperetur3⁸²
1170 1483 1296 1565 (ΜΨ

186 1595 192 1600 ’
290 1593 334 1682 lsi
355 1590 425 1680 quis
445 1588 549 1656 alieno
567 1609 663 1655 seruo
681 1588 886 1677 persuaserit,
908 1599 944 1656 ut
965 1590 999 1656 in
1021 1587 1170 1659 arborem
1187 1611 1300 1658 ascen·

199 1699 205 1706 ’
291 1701 405 1792 {deret
427 1700 482 1767 uel
502 1699 542 1768 in'
555 1708 689 1790 puteum
712 1697 934 1783 descenderet,
955 1709 989 1768 ct
1009 1701 1073 1786 (is),
1093 1703 1164 1768 si³⁴
1188 1725 1299 1770 ascen-

290 1907 406 1918 ---
425 1877 546 1930 adiceret
564 1875 789 1946 „eumq-quo)
821 1878 863 1930 De
882 1878 962 1930 verbo
982 1879 1120 1944 adiiceret,
1139 1859 1299 1948 quemquem

292 1975 360 2027 illud
378 1973 407 2026 in
425 1975 582 2026 contextum
596 1971 697 2038 recepi,
716 1971 819 2022 dubito.
896 1978 928 2013 ¹⁶
951 1989 1009 2024 eum
1022 1989 1082 2041 quo.
1107 1971 1165 2040 [Sic
1185 1971 1300 2027 Giisch.

294 2069 396 2137 Scripsi
420 2085 480 2120 cum
503 2065 614 2118 Hefft.
639 2065 698 2116 otio
722 2063 793 2132 quo]
847 2064 945 2118 Sclred.
971 2062 1214 2136 nm'(velpr)o(velo)
1231 2067 1301 2136 qood

298 2171 330 2206 Η
357 2162 425 2215 Loci
449 2157 585 2211 sententio
608 2159 676 2210 haec
701 2156 820 2209 videtur:
849 2158 958 2224 quidam
983 2165 1164 2229 putauerunt,
1187 2163 1301 2216 liberum

290 2271 350 2308 esse
368 2255 450 2304 tudun·
468 2251 625 2315 arbitrium,
645 2265 681 2301 ese
700 2231 795 2302 diebus
813 2265 879 2303 xxx
894 2257 1035 2316 proaemio
1051 2258 1096 2306 uel
1113 2251 1172 2308 eon
1190 2261 1300 2324 clipeo-e,

288 2365 342 2420 qno
356 2361 417 2416 p.r.
428 2344 459 2411 f,
476 2359 589 2410 meum,
607 2361 634 2412 q.
645 2361 680 2396 m.
691 2343 711 2395 f.
769 2348 803 2386 ¹⁸
825 2345 905 2396 Inst.:
924 2345 1025 2401 Sabino
1036 2356 1119 2406 reete.
1142 2323 1147 2341 Ι
1178 2355 1211 2390 1⁹
1233 2355 1298 2404 lust.

288 2443 436 2496 habendam
455 2441 679 2492 aestimationem.
772 2444 807 2481 ²⁰
834 2441 902 2493 Cod.
921 2455 969 2508 pro
987 2443 1012 2492 si
1032 2438 1190 2512 e‘t.(etism),
1215 2450 1246 2497 ut
1270 2446 1298 2498 in

287 2543 352 2594 lnst.
371 2536 487 2604 legitur,
512 2535 622 2588 exhibet
638 2541 681 2588 set
716 2535 826 2590 Excidit
841 2536 935 2604 itaque
952 2535 1044 2592 litters
1059 2540 1078 2590 ι’.
1100 2540 1246 2594 xCeterum
1262 2540 1299 2594 li-

287 2634 406 2689 brarium
423 2628 484 2698 s'el,
510 2648 566 2684 nou
583 2641 635 2698 set,
653 2630 792 2701 scripsisse
810 2631 979 2686 crediderim.
1049 2638 1090 2678 Ἥ
1114 2636 1196 2690 cod:
1213 2637 1299 2705 pluri-

289 2715 360 2798 mip
436 2733 472 2769 ²²
494 2730 558 2782 msc
578 2729 687 2794 fnisset.
760 2731 796 2770 ²³
819 2728 900 2782 Codz
919 2743 981 2782 nem
998 2727 1101 2794 lepidus
1118 2733 1231 2786 latorem
1245 2738 1296 2786 etc.

286 2831 364 2882 urst:
382 2827 452 2880 Nam
465 2823 568 2892 plebem
580 2825 739 2889 Ronmnnm,
758 2840 835 2893 qnae,
852 2824 959 2892 Aquilio
972 2823 1079 2878 tribuno
1092 2836 1207 2895 reponte
1226 2829 1297 2896 (Hel.

287 2920 495 2990 intermeante),
514 2919 583 2972 dono
601 2921 686 2986 tepem
703 2921 778 2981 tulit,
798 2917 1057 2972 conmotnmsuisse.
1102 2917 1297 2990 '²⁴Ex1mt,

287 3017 340 3072 nisi
357 3018 430 3086 quod
448 3014 488 3068 ibi
506 3020 559 3068 est:
578 3031 629 3066 usn
647 3018 728 3066 esset.
766 3011 828 3080 [eso
840 3021 882 3064 est
900 3013 1012 3068 Schrad.
1030 3029 1091 3066 cum
1109 3015 1185 3070 libris
1201 3021 1298 3086 pleris-

288 3129 342 3182 que
360 3108 505 3178 omnibus]
585 3112 620 3148 Ν
641 3107 734 3160 Malim
752 3108 813 3162 Set.
848 3109 913 3160 lust.
934 3109 1067 3162 Ceterum.
1148 3117 1183 3156 ss
1204 3113 1297 3166 Malim

288 3210 357 3275 ipso.
394 3203 752 3258 1nst.:dcmumdireetmn
777 3218 813 3256 ex
835 3202 893 3256 too.
929 3201 1082 3272 [Direotom
1099 3205 1200 3259 omittit
1217 3209 1298 3262 Bem-
1406 3273 1411 3278 ¹

287 3300 375 3370 berg]
440 3304 491 3362 ,Ν
514 3299 597 3352 lust:
616 3297 677 3365 quis
694 3300 848 3367 praecipue.
927 3303 962 3340 ²⁸
986 3299 1055 3353 Cod.
1073 3282 1099 3368 ᾇ,
1123 3316 1172 3367 pro
1191 3301 1248 3372 md,
1267 3308 1298 3356 ut

287 3395 408 3458 videtum
427 3393 480 3446 nisi
498 3391 559 3460 quis
577 3392 717 3454 delendam
735 3392 827 3460 potins
845 3392 982 3445 existimet
999 3393 1095 3461 siglam
1113 3385 1138 3464 ς’.
1175 3397 1297 3466 [Hellt.

292 3490 364 3559 quio.
398 3487 573 3556 Aptissimum
592 3492 634 3542 est
651 3486 815 3556 ff(oontre).]
851 3490 932 3542 lust:
958 3490 1073 3559 Ideoque
1092 3493 1121 3544 in
1139 3509 1210 3561 eum,
1233 3497 1294 3563 pei,

287 3589 316 3638 et
333 3598 410 3636 mox:
429 3581 552 3632 domnum
571 3583 686 3637 dederit.
768 3586 802 3624 ²⁰
825 3585 890 3636 Inst.
909 3585 971 3638 dori
988 3588 1086 3639 solent.
1168 3593 1203 3632 ⁸⁰
1225 3589 1293 3642 cod.

288 3697 325 3733 em
398 3682 438 3719 ³¹u
454 3675 480 3728 si
498 3677 557 3743 qais
576 3677 692 3730 euenum
710 3681 763 3730 etc.
799 3680 876 3732 Inst:
899 3678 923 3732 si
941 3679 1002 3746 quis
1020 3679 1149 3736 nominem
1167 3683 1296 3751 alienum,

287 3780 336 3828 ant
351 3787 432 3842 pectre
450 3773 492 3824 ito
509 3770 658 3838 incluserit,
676 3780 707 3823 ast
725 3771 795 3825 teme
814 3780 967 3826 sereretur.
1059 3776 1094 3814 ⁸²
1116 3777 1147 3828 ln
1164 3777 1227 3828 Inst.
1246 3776 1296 3828 sd-

284 3868 392 3936 jicitur:
416 3875 464 3920 not
486 3884 567 3936 pecare
588 3869 617 3920 io
641 3876 746 3921 tontum
771 3869 969 3934 ennpitooerit,
1002 3877 1032 3920 ut
1054 3871 1295 3938 praecipitaretur.

291 3969 326 4007 ³⁸
347 3964 389 4016 Ex
409 3964 474 4016 lnst.
556 3967 590 4006 Μ
613 3964 679 4017 Cod.
700 3968 728 4015 et
745 3965 770 4016 si
812 3961 947 4030 Equidem
964 3963 1102 4017 librarium
1118 3963 1292 4018 festinantius

320 4102 416 4171 §.m
434 4101 462 4170 ς.
472 4104 513 4157 16.
523 4105 543 4156 l.
559 4105 592 4154 de
603 4106 664 4169 lege
675 4102 764 4171 Aquil.
