3048 4792
450 315 584 370 putitiu
602 315 766 369 EDlTlONl
784 315 994 370 eminuisset.
1096 327 1254 380 XXXXVll

191 495 330 588 diesque
366 495 401 564 in
440 493 493 567 bis
526 491 693 568 indicibus
727 491 867 566 easdem
900 493 958 564 vel
990 493 1116 567 similes
1149 495 1256 588 siglas

198 628 300 714 atque
337 623 372 692 in
404 620 525 693 codiee
557 629 677 692 nostro
715 619 926 708 invenirem,
963 622 998 690 in
1030 642 1108 693 meo
1140 621 1254 694 indico

99 749 102 753 ’
197 769 271 816 rem
297 747 459 819 annotavi
469 743 506 817 ⁵¹.
578 789 619 822 ·.

154 959 158 968 ,
257 890 263 902 ⁸
300 875 376 946 lloe
393 876 506 966 itaque
523 875 681 945 instituto
700 874 734 942 in
758 871 930 944 scribendi
948 873 1157 969 compendiis
1173 893 1256 946 usus

198 1017 281 1099 sum.
337 993 404 1092 Vbi
437 990 554 1071 autom.
580 1002 615 1071 in
646 999 864 1071 recensendo
892 1001 1054 1074 contexto
1081 1023 1100 1070 a
1128 1000 1256 1072 codicis

42 1119 44 1122 ’
149 1208 153 1210 ,
197 1125 345 1200 lectione
371 1126 604 1200 recedendum
629 1129 764 1222 putavi,
790 1125 855 1206 ‚vel
872 1125 990 1200 'sicubi
1004 1124 1116 1198 dubia
1144 1127 1263 1205 videri

198 1250 312 1344 debuit
329 1251 457 1326 oodiois
475 1253 591 1343 lectio,
617 1252 698 1324 illud
716 1253 795 1324 mibi
812 1275 917 1325 aurae
935 1251 1008 1342 fuit,
1034 1252 1071 1321 m
1087 1254 1122 1322 in
1140 1273 1255 1324 anno„

102 1407 106 1410 ·
149 1397 153 1416 ¹
197 1373 378 1453 titionibus
402 1402 465 1452 suo
488 1379 566 1452 lo'oo
585 1381 713 1463 codicis
738 1383 938 1478 scripturam
960 1389 1119 1456 aoourate
1142 1382 1255 1474 signi-

198 1503 353 1600 bearem:
381 1507 468 1602 qood
498 1509 526 1581 si
545 1509 680 1603 qnando
698 1508 991 1605 iaotumnon'est,
1015 1518 1106 1604 [quae
1128 1511 1164 1579 in
1188 1529 1255 1578 an-

197 1633 425 1707 notationibus
443 1637 554 1726 omisi,
581 1639 618 1708 in
633 1639 952 1733 praetermissorum
969 1636 1116 1708 indioem
1132 1635 1254 1738 rettuli.

103 1823 106 1826 .
199 1759 238 1828 ln
263 1763 338 1853 ipso
367 1765 467 1830 otiam
494 1772 656 1833 contexto
675 1785 762 1856 quiae
781 1762 843 1833 vel
861 1762 972 1832 aliena
989 1772 1068 1832 sunt
1084 1785 1104 1833 a
1121 1763 1274 1851 codiee,
1333 1737 1337 1744 ¹

198 1884 256 1956 vel
281 1887 424 1976 ineerta,
446 1886 510 1959 uel
536 1897 632 1962 uerte
655 1887 817 1984 quidem,=
831 1887 893 1960 sed
918 1889 964 1957 ita
987 1896 1194 1981 comparata,
1221 1896 1259 1956 ut

192 2013 270 2102 jum
289 2033 361 2083 non.
384 2015 517 2107 integra
540 2013 574 2084 in
588 2015 713 2087 'codiee
731 2011 929 2110 appareant,
958 2013 1170 2096 currentibus
1196 2015 1257 2084 lit-
1319 2045 1321 2054 v

197 2140 279 2234 teris
303 2139 457 2212 distinxi:
486 2151 709 2237 quastumen
736 2165 805 2218 non
831 2139 1007 2238 risurpuvi,
1034 2140 1167 2216 ubivel
1185 2141 1257 2214 solo

197 2369 240 2418 tos
259 2367 394 2420 evaderet.
431 2368 487 2423 Qui
508 2383 573 2422 sane
599 2367 671 2422 haud
693 2385 806 2434 magnus
829 2369 939 2435 suisset,
964 2367 989 2422 si
1005 2369 1122 2438 ipsorum
1142 2369 1257 2440 fontium

197 2459 281 2511 vicem
296 2462 371 2514 adire
384 2463 526 2515 voluissem
546 2463 678 2515 loannis
697 2465 840 2517 Gerrard
859 2464 1003 2530 Siglarium
1014 2467 1163 2517 Romanum
1175 2465 1258 2530 (Lon-

198 2553 262 2607 dini.
282 2557 361 2610 1792.
380 2558 431 2624 4.),
455 2559 551 2618 librum
575 2575 624 2626 per
642 2537 814 2610 Germaniam
834 2577 891 2610 non
915 2560 982 2610 adeo
1001 2563 1153 2626 vulgatum,
1179 2559 1258 2624 cnjus

197 2649 302 2716 copiam
321 2651 387 2718 milui
404 2652 470 2715 feeit
488 2651 664 2706 Celeberrimi
682 2653 849 2706 Tbibaltii
868 2654 1038 2706 immanitasa
1053 2670 1113 2707 narn
1132 2655 1160 2706 in
1178 2640 1258 2706 eo'iel

125 2792 152 2813 ,f
198 2743 256 2806 ogit
279 2749 391 2809 auctor,
406 2752 443 2796 ,ut
463 2721 571 2798 *omnes*
583 2721 661 2797 notas
684 2762 716 2796 ac
733 2747 837 2798 litteras
856 2721 1091 2812 immemorillius,
1114 2747 1260 2812 lapidibus,

199 2835 327 2902 nummis,
351 2837 506 2889 auctoribus
525 2837 638 2904 aliisque
656 2816 843 2890 Romanorum¹
854 2844 975 2890 veterum
990 2837 1111 2906 reliquiis
1127 2845 1257 2906 repertas,

199 2931 293 2986 ordine
317 2913 487 3000 alphabetico
511 2923 668 2984 distributas
692 2932 852 3008 suspicaret.¹
889 2920 970 2989 Quod
993 2939 1082 2986 tamen
1103 2933 1257 3000 institutum

199 3044 261 3080 eum
283 3027 346 3079 milri
368 3023 461 3095 paium
487 3025 631 3091 diligenter
654 3033 785 3100 executus
809 3044 868 3082 osse
887 3028 1023 3082 rideretur
1040 3009 1257 3096 Getrardus,

198 3137 286 3190 neque
299 3121 532 3189 adinquirendum
545 3121 573 3173 in
586 3122 694 3194 singula
704 3139 829 3192 quaeque
847 3129 952 3191 tempus
965 3125 1162 3194 suppeditaret,
1176 3124 1257 3189 hujus

133 3268 136 3272 .
197 3217 268 3276 riori,
288 3209 432 3269 collatione
449 3217 594 3269 vabstinere
618 3218 703 3270 satiris
733 3220 834 3272 censui.
878 3207 1048 3272 waltheri
1071 3225 1161 3272 autem
1188 3237 1262 3289 opus

197 3307 456 3379 praestantissimum
475 3296 611 3379 (Lexicon
631 3303 840 3382 diplomalioum.
872 3315 965 3364 Ulmae
985 3314 1072 3380 175⁸.)
1090 3325 1150 3365 oum
1169 3315 1258 3368 inin·

198 3407 322 3472 elegenda
341 3423 431 3460 sarram
450 3407 618 3474 potissimum
637 3415 755 3462 aetatum
770 3409 907 3486 scriptore⁴
924 3413 1054 3474 versetur,
1071 3408 1169 3477 quibus
1185 3409 1259 3460 anti-

198 3502 319 3569 quierem
345 3519 404 3576 esse
426 3503 550 3566 podicem
576 3508 695 3558 nostrum
720 3520 798 3556 nemo
825 3503 973 3570 dubitabit,
996 3520 1021 3562 a,
1036 3520 1096 3562 meo
1118 3505 1258 3572 proposito

196 3595 312 3670 alienum
332 3603 399 3649 erat.
1174 3601 1175 3606 ’

272 3697 304 3756 ὅ)
328 3694 359 3743 ln
377 3693 526 3764 allegandis
544 3692 657 3758 singulis
676 3693 776 3746 libabis
792 3693 831 3746 ita
848 3699 969 3758 vorsatus
986 3709 1056 3760 suni,
1073 3699 1103 3746 ut
1116 3699 1259 3748 aniciorum

198 3791 303 3840 tantum
321 3768 430 3840 nundina
447 3767 623 3856 opponerem:
644 3782 797 3856 quodcum
816 3789 845 3842 in
862 3789 932 3841 binis
948 3789 1002 3842 illis
1018 3791 1169 3858 opuseulis,
1187 3808 1258 3860 quo-

198 3897 256 3934 rum
274 3882 433 3948 ignorantur
452 3883 670 3948 auotoree,fieri
688 3901 742 3936 non
760 3890 866 3958 posset,
884 3887 997 3938 alterum
1016 3887 1198 3953 Puteohii,
1217 3890 1259 3940 al·

199 3979 285 4028 terum
304 3965 521 4032 Gotbolredl
543 3978 642 4046 pagina
661 3979 955 4045 allegatosignifioavi.
991 3984 1060 4034 Vsus
1078 3988 1259 4044 namneum,
1332 4005 1336 4012 ·

199 4069 271 4134 quod
289 4070 322 4120 ad
342 4071 583 4126 Gotbolredum
601 4073 707 4142 attinet,
726 4074 845 4126 editione
863 4077 926 4130 anni
946 4078 1025 4132 ruat.
1078 4075 1097 4090 ⁹
