2992 4792
382 304 443 362 ovs
461 303 499 356 os
516 275 650 357 moos
667 299 889 355 soresmos
908 301 988 356 oso.
1129 283 1195 353 353

185 483 262 544 tur.
289 497 368 542 rrum
388 476 418 542 si
439 475 522 562 quid
529 479 564 517 ³²
589 495 667 540 oum
688 494 725 539 eo
749 474 825 540 eius
851 474 904 539 rei
929 495 1035 540 euuso
1055 483 1192 542 coutro-

183 595 278 654 otum
300 588 379 666 erit,
402 586 453 650 ito
473 583 620 650 Praetor
642 584 697 650 ius
718 584 821 663 dicit,
840 591 881 650 ut
904 585 1066 672 qrsidquid
1086 584 1120 650 iu
1142 585 1194 650 tiis

184 697 353 765 mercibus
373 695 455 773 erit,
476 695 628 782 quodque
649 695 726 760 tuoe
747 703 923 780 receptum
945 696 1025 774 erit,
1047 695 1083 760 id
1102 685 1344 810 iuterfflfflm

182 816 319 893 putrem
339 807 570 885 domiuumue,
593 805 623 870 si
643 805 726 893 quid
746 805 777 870 ei
798 804 983 885 debebitur,
1007 806 1046 871 et'
1063 801 1193 870 eeteros
1228 826 1255 878 o.
1272 794 1316 878 rs

185 917 373 982 creditores
400 937 464 1000 pro
494 921 575 982 ruta
599 911 756 999 portione
782 913 1029 982 distribuetur.
1057 921 1091 980 et
1113 915 1194 1002 ossio

185 1027 252 1112 ipsi
270 1026 367 1112 putri
385 1025 561 1092 domiuoue
577 1023 846 1092 distributionem
860 1027 1044 1111 permittit,
1067 1026 1098 1091 si
1119 1021 1194 1113 qrris

186 1159 232 1202 er
254 1135 476 1218 oreditoribus
497 1142 685 1222 queratur,
713 1137 813 1222 qumi
837 1138 948 1204 miuus
969 1137 1006 1218 ¹ei
1027 1135 1194 1202 tributum

184 1248 244 1326 sit,
266 1269 366 1335 quom
388 1247 594 1333 oportuerit,
615 1245 702 1312 ioue
720 1245 751 1311 ei
761 1246 931 1318 ,uotimtem
951 1249 1192 1328 oooommodut,

184 1379 272 1445 qum
292 1358 476 1424 tributorio
496 1357 705 1443 appellatur.
748 1357 779 1442 ξ.
801 1355 853 1422 73.
876 1357 1062 1424 Praeterea
1082 1359 1192 1424 iutro·

179 1443 288 1533 sdicotu
310 1475 362 1534 est
384 1469 471 1534 aetio
495 1469 535 1534 de
561 1465 699 1555 peculio
724 1467 830 1554 deque
858 1491 916 1549 eo,
946 1469 1037 1555 quod
1064 1469 1192 1534 iurem

181 1579 293 1662 putris
315 1579 482 1644 domiuiue
504 1600 643 1644 uersum
665 1578 750 1643 erit:
781 1584 835 1658 ut,
856 1579 1013 1666 utrumuis
1034 1579 1107 1645 siue
1128 1601 1191 1645 uo·

183 1687 318 1762 turstote
342 1687 455 1772 putris
482 1688 649 1754 domiuiue
670 1686 842 1774 rieqotium
860 1695 995 1772 pestum
1018 1690 1104 1768 erit,
1133 1698 1188 1755 to-

182 1819 273 1876 meu,
294 1797 367 1862 siue
383 1795 466 1882 quid
485 1796 519 1862 iu
537 1799 699 1864 remeius
717 1820 856 1866 uersum
877 1796 1004 1886 fuerit,
1025 1797 1061 1864 id
1079 1805 1190 1864 totum

180 1914 364 1995 proestare
380 1906 512 1986 debeat,
535 1909 609 1974 siue
626 1909 709 1996 quid
725 1931 792 1975 uou
808 1910 853 1975 sit
873 1910 906 1974 iu
926 1929 999 1975 rem
1018 1909 1090 1974 eius
1107 1931 1189 1975 uer·

181 2041 277 2098 sum,
303 2017 340 2082 id
361 2025 502 2084 eatenus
521 2026 705 2104 proestare
727 2019 866 2100 debeat,
893 2027 1063 2107 quatenus
1083 2041 1191 2105 poeu-

111 2209 113 2218 .
182 2124 265 2194 lium
283 2129 436 2228 patitur.
459 2129 583 2210 iurem
601 2136 716 2195 erstem
734 2132 848 2216 putris
869 2130 1035 2206 dominius
1051 2149 1191 2195 umsum

180 2239 405 2325 irsteiieyitur,
426 2239 589 2326 quidquid
607 2242 794 2317 necessario
816 2240 944 2308 iurem
967 2241 1039 2306 eius
1060 2241 1189 2325 impen-

180 2349 270 2417 derit
291 2345 386 2436 filius
408 2371 597 2416 seruusue:
625 2350 736 2417 ueluti
757 2352 787 2418 si
806 2357 989 2418 mutuatus
1008 2351 1189 2436 pecuniam

179 2459 402 2528 oreditoribus
424 2461 496 2525 eius
515 2459 673 2538 soluerit,
694 2442 756 2525 aut
775 2456 929 2545 aedificia
950 2460 1088 2526 ruentia
1109 2457 1187 2546 fui-

179 2571 286 2646 serit,
315 2575 378 2634 out
405 2565 571 2655 fuooilioe‘
586 2563 803 2653 frumentum
833 2570 973 2648 emerit,
1002 2568 1059 2634 uel
1087 2570 1189 2634 etium

180 2674 329 2764 fundum
347 2683 411 2742 out
433 2675 615 2764 quamlibet
635 2676 737 2742 ulimu
758 2698 830 2742 rem
850 2679 1076 2744 uecessorium
1096 2699 1187 2744 mer·

137 2817 141 2828 2
181 2793 280 2853 eutrss
303 2787 387 2853 erit.
417 2787 533 2873 itaque
562 2786 592 2851 si
619 2807 664 2850 er
690 2786 802 2851 decom
829 2793 869 2852 ut
896 2794 985 2872 puta
1006 2789 1190 2868 sestertiis,

181 2901 316 2986 (μιαιῑΗ
341 2919 466 2964 seruus
493 2903 577 2962 tuus
598 2917 620 2961 u
646 2895 736 2962 Titio
757 2902 880 2962 mutuo
901 2897 1050 2983 occepit,
1081 2899 1191 2964 oredi-

179 3009 250 3074 tori
277 3016 338 3075 tuo
371 3008 518 3096 quinque
546 3007 708 3073 sestertia
742 3005 907 3087 soluerit,
940 3005 1072 3095 reliqua
1105 3029 1190 3074 uero

179 3120 328 3206 ostioque
355 3117 503 3206 quolibet
529 3117 626 3185 modo
654 3118 921 3204 consumpserit,
948 3140 1013 3204 pro
1042 3119 1189 3207 quinque

179 3231 313 3318 quidem
334 3229 368 3296 iu
390 3229 534 3297 solidum
556 3229 708 3322 dumuori
729 3228 848 3309 debes,
874 3250 938 3312 pro
960 3231 1083 3296 ceteris
1104 3252 1188 3297 suero

178 3445 253 3514 quid.
337 3448 374 3487 ³⁸
393 3447 541 3508 sestertiis,
559 3461 637 3514 quoe.
666 3445 948 3515 instauraturum.
983 3447 1020 3498 Et
1036 3462 1112 3499 mox:
1131 3465 1188 3500 mu-

180 3549 255 3605 tuos;
281 3557 393 3606 aureos3
415 3542 549 3609 reliquom
575 3540 628 3592 toti
650 3538 745 3592 decem
769 3539 860 3604 muei3
885 3541 971 3606 versi3
997 3549 1070 3594 totos
1094 3543 1187 3596 decem

180 3650 287 3686 eureos.
327 3623 408 3691 Quod
433 3635 523 3688 aureis
548 3633 674 3687 sestertia
697 3633 840 3700 substitui,
869 3633 916 3702 qui
941 3635 1122 3688 commentar.
1141 3638 1187 3689 ΙΙΙ.

179 3727 207 3806 §f
220 3728 279 3782 102.
298 3745 358 3781 oum
376 3729 442 3798 §.tu
458 3731 478 3782 1.
498 3730 531 3781 'de
544 3728 661 3783 inutilib.
673 3729 806 3798 stipulat,
825 3745 875 3782 neo
893 3746 949 3782 non
967 3729 1089 3795 ejusdem
1109 3730 1191 3783 Com-

180 3811 292 3890 meptsr.
309 3823 337 3892 §.
351 3826 410 3878 113.
430 3841 491 3878 eum
505 3824 569 3893 §.5.
581 3826 602 3876 1.
622 3825 655 3876 de
673 3824 825 3890 fidejussor.
843 3823 997 3890 contulerit,
1014 3838 1069 3875 non
1086 3824 1187 3894 impro-

116 4021 122 4030 “
215 4008 298 4078 §.73.
333 4010 439 4078 ΜΛ.
458 4014 530 4080 quod
549 3998 662 4067 comeo
706 4016 898 4094 demuotioues.
934 4011 1110 4082 conten.

180 4085 348 4134 contractum
360 4085 411 4133 est.
446 4083 662 4136 ticet--cou-

898 4175 941 4241 23
