3048 4792
442 285 577 354 PRIMAE
596 285 758 342 EDITIONI
776 285 987 338 PRAEMISSA.
1168 297 1252 344 txttt

191 461 301 536 verba
316 459 513 536 eaccttoae
529 467 739 548 sectemur,-
766 460 848 532 folia
867 461 1006 534 LXVII.
1027 461 1098 532 LX.
1112 460 1201 534 LIII.
1217 434 1268 534 et

191 590 314 664 LVIII.
334 615 354 662 a
373 591 476 686 Legis
495 590 529 662 2.
548 590 592 660 de
615 586 764 684 praediis
793 595 827 658 et
854 584 927 658 aliis
954 586 1057 660 rebus
1084 590 1250 661 minorum

192 717 346 808 (7.71.)
362 716 480 790 verbis
499 712 653 788 coemtio
672 708 848 808 ereptoris
864 713 907 784 ad
919 713 1049 806 Legem
1064 713 1097 784 1.
1111 714 1154 786 de
1171 739 1250 788 ma-

190 843 386 936 gistratibus
410 841 658 917 conveniendis
679 841 744 932 (V,
758 839 857 930 75.);
886 839 967 912 folia
991 840 1137 936 denique
1155 843 1248 915 VIII.

192 980 226 1042 et
244 969 321 1042 VII.
340 993 361 1040 a
379 969 482 1064 Legis
502 970 561 1042 27.
582 968 625 1042 de
649 964 875 1041 evictionibus
895 966 1012 1058 (VIII,
1025 967 1106 1058 45.)
1131 955 1251 1043 verbis'
1280 1034 1298 1060 υ
1334 1043 1339 1050 ,

190 1091 508 1168 rationem.Nam
535 1095 578 1168 ad
605 1095 708 1188 Legis
733 1093 767 1165 3.
797 1093 840 1165 de
868 1091 1103 1195 adoptionibus
1132 1095 1249 1186 (vltt,

190 1221 273 1312 48.)
291 1204 402 1295 uerba
419 1243 496 1324 nort
512 1219 669 1295 babeas:
682 1215 817 1292 tutela.
852 1221 949 1308 Quae
967 1219 1148 1312 sufficient,
1167 1226 1248 1318 opi-

189 1371 273 1438 nor,
300 1357 336 1420 ut
361 1337 605 1445 perspiciatur,
633 1359 792 1446 quantum
818 1348 861 1419 ad
887 1348 1085 1422 Iustinianei
1112 1348 1249 1424 Codicis

190 1479 296 1549 crisIn
313 1486 520 1549 momentum
536 1477 660 1549 afferre
683 1478 792 1572 possit
815 1475 911 1568 hujus
933 1473 1010 1554 libri
1031 1479 1250 1574 manuscripti

190 1614 349 1676 accurata
372 1603 523 1686 cubatio:
552 1623 651 1700 qnam
673 1603 874 1699 propediem
897 1605 1082 1678 institutum
1104 1606 1146 1675 iri
1168 1613 1248 1700 opto

190 1753 373 1826 speroque.
419 1731 517 1815 Quae
542 1731 738 1826 speciminis
766 1751 868 1800 causa
895 1753 942 1801 ex
970 1753 1012 1802 eo
1040 1734 1251 1827 transcripsit
1291 1768 1294 1775 ι
1332 1749 1335 1762 ¹

192 1855 430 1946 Bckberus,
457 1865 641 1950 sequentes
670 1851 879 1926 exhibebunt
904 1853 1061 1949 plagulae
1072 1853 1109 1924 ⁸¹.
1164 1890 1166 1894 ·

351 2117 354 2123 ι
411 2008 613 2123 Scribebam
662 2006 854 2113 berolinif
892 2045 1013 2098 mense
1060 2021 1249 2099 Novembri
1284 2110 1286 2114 Α

191 2151 288 2224 Anni
315 2143 585 2223 noceant*

266 2359 298 2396 ⁸¹
329 2354 414 2422 (Haec
433 2353 581 2422 specimina
598 2371 669 2408 nunc
690 2371 749 2406 eam
768 2357 802 2409 ob
823 2371 933 2420 cansam
951 2352 1041 2423 omisi,
1060 2355 1132 2422 qnod
1150 2357 1250 2410 Btub-

109 2481 112 2488 ·
191 2446 1251 2520 ruinsetMaierus,quicodicemLX.nuperpostBekkerumtracta·
1351 2461 1354 2468 '

191 2547 301 2609 verunt,
324 2531 511 2610 quaecumque
536 2547 631 2598 notatu
657 2544 738 2610 digna
760 2541 929 2610 riderentur,
955 2561 988 2596 ea
1011 2544 1101 2596 omnia
1125 2553 1252 2599 accurate

192 2637 399 2704 descripserunt.
435 2635 516 2689 sont.
534 2637 677 2690 Btubmii
695 2641 751 2690 Iter
767 2638 890 2690 Italicum
907 2641 960 2690 loc.
979 2644 1035 2691 not.
1047 2641 1092 2693 77.
1109 2642 1200 2706 atteg.)

246 2729 276 2798 ἵ*
293 2728 538 2797 Ριαεΐαῐίοιιθῄωη
556 2731 626 2800 typis
644 2748 772 2800 expressa
790 2731 870 2784 unius
887 2731 939 2798 rei¹
954 2747 1024 2796 quae
1038 2732 1072 2780 ad
1084 2731 1251 2784 intellectum

191 2823 395 2877 annotationum
413 2820 475 2872 huic
494 2821 607 2873 editioni
625 2815 789 2886 annexarum
803 2821 930 2892 pertinet,
948 2822 1107 2874 indicandae
1126 2841 1168 2874 me
1183 2825 1251 2877 obli·
1305 2821 1312 2826 ’

191 2927 247 2973 tum
266 2896 325 2970 esse
345 2915 541 2969 animadverto:
560 2917 593 2968 de
612 2933 666 2987 qua
682 2920 764 2972 verbo
783 2917 944 2972 monendum
963 2923 1011 2970 est.
1048 2919 1079 2970 In
1098 2920 1262 2972 annotatio?

190 3009 383 3076 monsignor
408 3015 604 3084 saepenumero
627 3012 786 3066 schedarum
813 3013 972 3080 scripturam
996 3003 1036 3065 ita
1058 3015 1192 3082 expressi,
1219 3023 1251 3068 ut

189 3103 408 3172 interrogationis
423 3105 505 3179 sign‘a
520 3106 687 3162 inseruerim.
712 3109 789 3163 Quae
802 3106 849 3160 nbi
866 3107 944 3160 uncis
960 3106 1064 3168 inclusa
1081 3115 1153 3176 sunt,
1171 3124 1250 3180 prae-

190 3204 331 3256 cedentem
348 3199 464 3252 titteram
478 3201 585 3254 dubiam
605 3218 663 3254 esse
682 3203 847 3268 significant:
866 3202 972 3270 quoties
991 3209 1080 3256 autem
1098 3205 1264 3272 interroga-„s

190 3297 272 3350 tionis
290 3289 395 3361 signum
412 3295 440 3348 in
460 3301 580 3348 extremo
599 3295 689 3366 atiquo
705 3311 785 3350 versu
799 3296 934 3361 adjectum
950 3297 1027 3353 uncis
1045 3297 1178 3354 inclusum
1196 3319 1250 3355 non

190 3398 241 3458 est,
257 3392 331 3445 iilam
350 3390 546 3444 dubitationem
564 3391 675 3458 indicat,
695 3397 784 3467 utrm
802 3391 892 3446 littera
909 3392 939 3444 in
953 3393 1059 3446 schedis
1077 3393 1171 3449 ultimo
1189 3400 1250 3451 Ioco

190 3486 279 3556 posita
301 3487 330 3538 in
355 3485 449 3540 codiee
473 3485 535 3564 ipso¹
556 3503 663 3539 uersum
688 3486 810 3552 claudat,
833 3503 929 3540 necne.
965 3489 1126 3542 Posterioris
1143 3493 1249 3556 generis

190 3583 314 3651 exempla
325 3581 499 3650 suppeditant
517 3582 697 3634 commentar.
707 3583 727 3632 1.
742 3578 768 3646 §.
776 3583 820 3636 27.
836 3583 925 3636 nota.
939 3580 965 3648 §.
975 3585 1035 3637 114.
1047 3590 1102 3637 not.
1111 3587 1155 3638 20.
1170 3571 1249 3652 (nunc

190 3675 244 3743 26.)
263 3675 288 3743 §.
298 3677 358 3730 135.
375 3673 482 3730 notus.
502 3673 582 3743 (nunc
593 3677 647 3744 73.)

578 3959 874 3990 *-
