3048 4792
456 291 593 356 Palmam,
610 298 774 356 lllll'l'IONl
791 298 1001 357 ammissa.
1209 309 1268 360 uix

129 484 135 494 '
211 476 419 565 ablutiones,
451 495 578 551 noram
605 497 696 551 nunc
722 477 795 568 ejus
820 475 940 564 strrdii,
967 473 1057 569 quod
1082 474 1266 550 invalere

204 604 282 694 jure
305 603 466 678 Romano
495 603 707 678 enucleando
734 604 880 698 positum
907 610 972 691 est,
999 609 1146 684 ootstem
1172 604 1265 676 inci-

207 751 293 824 pere
310 730 484 823 instigor.
524 731 626 804 Vnde
642 749 718 820 eos,
736 731 791 824 qui
808 729 954 801 fruotmn
972 751 1019 800 cx
1035 727 1100 800 hac
1116 727 1266 804 editione

208 856 467 950 percipiendum
499 859 814 947 consideraverint,
847 859 876 930 si
893 843 1007 932 ¹simul
1039 852 1266 947 difficultates,

210 1001 297 1074 quae
324 986 540 1078 superandae
564 984 650 1062 mibi
683 982 837 1073 luerunt,
870 981 980 1078 probo
1010 981 1266 1078 perpenderint,

209 1109 433 1204 imperfectae
459 1135 570 1186 meae>
585 1133 716 1208 operae
742 1133 871 1207 aequos
899 1109 1032 1204 judices
1059 1129 1115 1182 me
1141 1119 1266 1183 nactu-

208 1257 283 1306 rum
301 1257 381 1315 csse
404 1260 519 1334 spero.
562 1240 692 1317 Eomm
718 1263 819 1330 voro,
847 1259 934 1334 quae
960 1236 1109 1310 fortasse
1135 1236 1268 1334 probo-

209 1360 346 1454 buntur,
372 1363 445 1444 laus
472 1389 542 1443 non
568 1367 650 1441 mihi
676 1367 751 1442 soli·
767 1366 947 1440 tribuenda
966 1367 1039 1450 erit.
1078 1365 1165 1438 Nam
1182 1365 1269 1446 siout

209 1493 259 1562 iu¹
273 1490 499 1571 describendo
528 1493 659 1570 (lodice
689 1513 790 1570 meac
817 1517 947 1590 operae
973 1515 1069 1568 suam
1094 1492 1269 1585 adjunxe-

209 1630 289 1693 runt
314 1619 534 1696 Bekkerus
560 1633 596 1696 et
623 1622 904 1716 Hollwegius,
936 1625 983 1694 ita
1009 1623 1045 1696 io
1071 1619 1269 1693 adornanda

212 1767 346 1839 quoque
363 1745 428 1818 hoc
446 1748 596 1820 editione
614 1753 812 1837 amicorum,
835 1749 998 1842 imprimis
1015 1749 1270 1837 Buttmanni,
1381 1797 1385 1804 ·

212 1868 442 1965 Hollwsgii
468 1882 502 1944 et
521 1871 685 1946 Savinii
712 1896 779 1969 ope
805 1872 1016 1968 consilioque
1042 1893 1098 1944 ms
1125 1873 1271 1966 adjutum
1325 1931 1328 1938 .

213 2019 293 2074 esee
318 2009 415 2092 grata
441 2007 556 2102 mente
581 1997 758 2096 profiteor.

300 2126 362 2200 llis
388 2128 434 2198 ita
461 2126 592 2216 detiis,
620 2147 706 2222 quae
732 2127 777 2200 ad
802 2127 898 2222 hujus
926 2125 1108 2200 voluminis
1135 2150 1273 2204 causatu

159 2275 168 2290 ¹
212 2255 402 2350 pertinent,
431 2257 615 2350 expositis,
642 2277 712 2348 non
738 2253 800 2330 abs
827 2278 866 2328 re
893 2253 1042 2345 videtur,
1069 2265 1105 2326 ut
1131 2254 1272 2340 abarum

214 2382 424 2478 quarundam
450 2381 647 2455 notabilium
672 2383 962 2473 membranam,
991 2382 1135 2475 juridica
1162 2407 1272 2478 argu-

213 2519 328 2582 menta
347 2509 590 2601 exhibentium,
610 2533 698 2604 quae
715 2514 751 2583 in
767 2510 979 2585 Bibliotheca
997 2507 1180 2605 Capitudari
1192 2512 1272 2602 Ve-

215 2640 356 2712 romensi
383 2647 617 2728 asservantur,
643 2636 787 2716 brevem
814 2639 967 2709 notitiam
993 2634 1193 2727 subjungam
1204 2635 1240 2710 ⁷⁴.

304 2763 367 2835 Est
384 2772 497 2834 autem
513 2766 549 2833 in
565 2763 685 2834 harum
700 2781 844 2832 numero
864 2758 1003 2853 Sulpicii
1017 2756 1142 2830 Severi
1160 2760 1274 2834 codex

216 2883 542 2992 membranaceus⁷⁵,
562 2887 694 2963 formae
708 2884 904 2980 quadratae,
921 2885 1100 2978 insignitus
1113 2884 1192 2957 olim
1204 2909 1274 2958 nu·-

217 3037 314 3088 mero
341 3014 554 3105 XXXVIII,
582 3023 673 3092 nunc
695 3013 872 3103 XXXVI,
901 3035 979 3108 quo,
1007 3021 1043 3084 ut
1064 3015 1135 3104 jam
1161 3014 1273 3086 Maf-

217 3140 328 3214 feius
341 3137 519 3232 monuitffi,
538 3141 678 3234 alicujus
697 3140 847 3234 exempli
865 3137 1149 3214 Iustinianesrum
1166 3141 1274 3216 Insti-

217 3327 284 3378 der.
319 3326 376 3378 Aue
400 3327 452 3378 den
475 3326 670 3393 Heidelberger
692 3324 875 3380 labrbi'rchern
899 3325 946 3376 der
967 3323 1105 3378 Literatur
1128 3329 1275 3382 besonders

101 3433 110 3440 ·
216 3419 391 3486 abgsdruckt.
426 3421 601 3488 Heidelberg.
618 3421 697 3474 1823.
716 3418 751 3485 8.)

291 3519 327 3556 '¹⁴
352 3517 427 3568 Haeo
446 3532 494 3582 ca,
517 3532 596 3584 qnam
615 3519 680 3568 ante
696 3513 799 3581 aliquot
816 3529 901 3566 annos
918 3513 1025 3580 vulgari
1047 3515 1113 3582 (vid.
1132 3516 1276 3584 Leipziger

217 3610 506 3676 Lilsrotur-Zeitnng.
521 3613 599 3666 1817.
613 3609 762 3679 pag-2645.
775 3609 828 3680 46.)
844 3613 872 3660 et
884 3609 990 3676 plenior
1003 3615 1053 3678 est,
1072 3615 1101 3662 et
1115 3612 1275 3664 accuratior.

292 3711 328 3747 Ν
359 3705 454 3771 (Conf.
477 3706 640 3760 Prodromus
666 3703 793 3770 Corporis
817 3702 886 3767 juris
911 3704 996 3758 civilis
1020 3721 1036 3756 a
1059 3701 1275 3774 Sclrrad'cr0‚

218 3801 365 3867 Clossio,
383 3800 516 3853 Telelio
535 3801 641 3853 edendi.
677 3801 765 3852 Berol.
783 3800 863 3852 1823.
882 3815 944 3867 pag.
956 3801 1000 3854 57.
1012 3801 1065 3865 58.)

293 3900 328 3936 Η
349 3895 409 3948 Vid.
428 3894 557 3962 Opuscoli
575 3893 762 3960 ecclesiastici,
779 3910 841 3962 pag.
850 3895 907 3958 ⁹04
930 3894 977 3946 ubi
995 3894 1034 3948 sic
1051 3894 1091 3946 ait
1106 3895 1276 3948 Maficius:

220 3991 274 4054 „ln
292 3989 402 4058 sulpitii
420 3989 513 4044 Severi
532 3989 640 4056 codice,
663 3989 696 4040 de
715 4005 769 4057 qno
787 3989 867 4056 alies,
886 3994 940 4042 tres
958 3989 1066 4044 ollarias
1084 3994 1148 4042 sunt
1167 3991 1201 4042 ad
1219 3989 1277 4040 hia-

221 4088 276 4134 tum
296 4086 472 4152 supplendum
498 4084 632 4151 posterius
658 4083 776 4136 additae.
814 4085 843 4136 lu
866 4083 900 4136 iis
923 4088 954 4134 ut
972 4085 1060 4136 donato
1078 4083 1159 4136 scribi
1177 4088 1277 4152 posset,
