3048 4792
380 283 587 344 PRAEFATIO
611 289 803 343 SECVNDAE
824 291 1014 350 EDITIONIS.
1157 311 1229 360 LXV

165 465 324 537 tuendum
350 467 500 559 videtur,
529 458 659 564 sperari
687 467 748 536 vix
776 488 893 560 posse,
922 482 957 541 ut
983 441 1075 566 quae*
1093 475 1224 547 Bluh-

164 595 242 664 mic
270 617 291 666 c
318 594 470 668 tenebris
503 599 537 692 in
569 594 681 665 iucem
707 592 909 688 protrahere
936 619 1005 670 non
1033 605 1224 696 contigerit

163 743 217 792 cas
232 725 394 794 reiterata
420 715 569 794 lectione
598 743 617 791 a
645 740 812 815 quoquam
840 733 1013 814 eruantur,
1041 728 1105 800 nisi
1132 749 1224 801 nova

163 851 404 940 excogitentur
418 848 583 921 remedia
611 848 763 920 chemica
790 846 855 937 his,
869 889 870 892 =
883 871 970 943 quae
985 851 1091 925 hodie
1108 857 1144 926 in
1161 877 1224 927 usu

162 982 252 1065 sunt,
281 973 478 1049 efficaciora
492 974 537 1083 ¹3
556 975 656 1049 Vnde
684 973 910 1066 commodum
938 978 1029 1072 qued
1046 979 1223 1052 Bluhmii
1307 1020 1313 1026 -

161 1103 252 1173 curis
267 1100 368 1175 ‘nohis
388 1101 541 1193 obvenit,
565 1102 646 1176 licet
668 1113 795 1172 tantum
813 1123 883 1175 non
902 1105 957 1193 sit,
978 1116 1136 1199 quantum
1155 1109 1224 1180 de-

160 1227 385 1319 siderabatur,
413 1233 602 1325 marmus
616 1239 730 1300 tmnen
753 1232 865 1325 pretio
888 1233 1137 1306 aestimandum
1161 1245 1223 1309 est.

159 1356 277 1452 ltaque
305 1377 381 1428 cnm
408 1361 552 1453 primum
576 1355 763 1426 Btuhmir
782 1358 962 1444 schedulas
990 1370 1109 1433 nactus
1137 1382 1224 1452 sum,

159 1483 258 1556 simtd
285 1495 319 1556 et
345 1506 480 1556 manum
506 1486 552 1556 ad
582 1469 714 1555 librum
733 1484 848 1558 denuo
874 1485 1044 1558 edendum
1073 1486 1224 1578 admovi,

161 1620 195 1682 ct
220 1610 387 1709 intellexi,
414 1611 481 1684 hoc
503 1613 605 1684 totius
628 1613 767 1682 instituti
790 1624 892 1708 caput
915 1637 995 1688 csse
1020 1614 1162 1704 debere,
1189 1625 1226 1686 ut

160 1735 337 1808 Bluhmii
365 1735 606 1813 annotationes
623 1731 725 1831 'quam
749 1737 1006 1830 diligentissime
1033 1742 1068 1809 in
1095 1739 1224 1810 utilite·-

160 1849 367 1936 tem'ncvae
392 1861 549 1934 editionis
568 1863 865 1955 converterentur.
911 1863 1011 1952 Quod
1027 1885 1131 1934 unum
1151 1863 1225 1935 sol-

158 1999 228 2062 tem
254 1989 448 2085 perfecisse
474 1986 672 2062 uideborz¹⁶
697 2011 776 2060 nam
802 1992 838 2064 in
864 1989 1018 2086 reliquis,
1047 1992 1224 2086 pominus

157 2120 233 2211 ipse
250 2115 330 2186 mihi
348 2115 585 2190 satisfacerem
604 2137 646 2187 eo
660 2116 846 2212 'impeditus
866 2139 952 2210 sum,
979 2117 1069 2212 quod
1091 2128 1224 2214 tempus

158 2246 256 2339 operi
281 2219 559 2340 impendendum
574 2266 621 2317 ex
645 2243 721 2317 aliis
750 2221 1029 2340 occupationibus
1055 2267 1119 2340 per
1146 2247 1223 2320 sin-

158 2371 237 2464 gula
263 2382 435 2444 momenta
464 2375 600 2468 eripere
629 2381 767 2444 coactus
795 2370 853 2442 fui.
899 2368 1061 2444 Ceterum
1085 2381 1224 2467 praeter

158 2500 354 2592 primarium
370 2498 449 2588 hoc,
469 2499 512 2570 de
532 2521 597 2595 quo
616 2498 702 2589 dixu
723 2512 838 2570 norae
859 2497 1017 2571 editionis
1036 2497 1223 2572 subsidium

157 2624 346 2696 Bluhmio
376 2629 477 2696 etiam
497 2625 695 2698 Collationis
719 2614 1087 2697 variantes-lectiones
1101 2624 1222 2696 ‘debeo

159 2747 331 2822 eduobus
349 2749 531 2822 codicibus
555 2773 666 2844 nuper
685 2749 726 2818 ab
745 2747 920 2819 oblivione
944 2747 1123 2820 vindicatis
1136 2789 1140 2796 ·
1152 2772 1222 2820 ex-

158 2885 310 2972 cerptas:
340 2875 417 2947 dico
436 2875 591 2948 codicem
604 2873 883 2963 Vercellcnsem'
898 2895 998 2968 quem
1010 2872 1251 2948 oluhmius

156 3001 270 3100 ipse²‚
299 3013 333 3075 et
351 3003 508 3074 codicem
524 3002 844 3091 Vindobonensem‚
873 3022 972 3093 quiem
991 2999 1221 3073 Lancincl-

110 3159 111 3162 ¹
155 3129 237 3203 lius
266 3130 407 3202 detexit.
461 3129 587 3227 Ampla
616 3129 762 3224 denique
796 3127 1059 3217 annotationum
1076 3126 1118 3199 ah
1147 3127 1220 3202 aliis

157 3259 250 3332 Viris
270 3257 378 3330 doctis
401 3259 523 3353 partim
532 3257 666 3352 publici
688 3259 774 3350 juris
802 3253 978 3344 facierum⁷
1005 3256 1126 3349 partim
1142 3257 1220 3350 pri-

156 3387 260 3458 vatim
287 3383 421 3456 mecum
449 3386 772 3465 communicatarum
801 3403 909 3474 seges
942 3379 1022 3450 mihi
1036 3383 1217 3477 suppetiit.

234 3583 244 3616 ¹
269 3575 348 3629 Coos.
366 3573 520 3628 Bluhmii-
535 3576 590 3626 lter
608 3573 737 3626 Italicum.
764 3572 843 3622 Tem·
855 3572 874 3621 t.
894 3571 1099 3648 pag·261.262.
1148 3569 1151 3577 '

226 3667 274 3739 [aa
297 3669 349 3724 Vix
367 3669 510 3738 quicquam
533 3667 598 3721 mihi
621 3669 696 3736 'quod
720 3672 774 3719 aut'
785 3663 911 3717 adderem
929 3669 978 3716 aut
995 3663 1157 3730 corrigerem
1176 3650 1220 3716 re-

155 3765 248 3828 iictum
266 3763 330 3830 vidi,
349 3763 471 3831 quamvis
489 3761 778 3827 chartulas-Blamii,
797 3765 851 3814 um
870 3771 918 3812 cns
936 3775 1003 3828 quas
1021 3759 1057 3810 ad
1069 3757 1219 3824 (iosche-

156 3858 249 3911 nium
268 3858 393 3925 miserat,
411 3874 491 3928 quom
510 3855 576 3908 alias
596 3859 746 3924 complures
765 3871 832 3923 quas
851 3853 914 3906 mihi
932 3848 1037 3922 petenti
1056 3851 1218 3926 iacitecon-

157 3952 247 4017 cessit,
265 3955 360 4004 sedulo
379 3949 565 4020 excusseritis]
774 3933 775 3936 Ἴ

201 4028 203 4033 ’
231 4051 244 4085 ²
267 4045 346 4098 Gonf.
364 4045 519 4100 Biultr'nii
538 4047 597 4097 iter.
611 4045 741 4119 italicum.
772 4045 851 4124 'soma
864 4047 883 4096 t.
903 4045 1018 4111 pagstts.

940 4156 957 4198 θ
