<?xml version="1.0" encoding="UTF-8"?>
<!DOCTYPE html PUBLIC "-//W3C//DTD XHTML 1.0 Transitional//EN"
    "http://www.w3.org/TR/xhtml1/DTD/xhtml1-transitional.dtd">
<html xmlns="http://www.w3.org/1999/xhtml" xml:lang="en" lang="en">
 <head>
  <title>
</title>
<meta http-equiv="Content-Type" content="text/html;charset=utf-8" />
  <meta name='ocr-system' content='tesseract 3.04.00' />
  <meta name='ocr-capabilities' content='ocr_page ocr_carea ocr_par ocr_line ocrx_word'/>
</head>
<body>
  <div class='ocr_page' id='page_1' title='image "./gaiiinstitvtion00gsgoog_0156.png"; bbox 0 0 3048 4788; ppageno 0'>
   <div class='ocr_carea' id='block_1_1' title="bbox 300 287 975 368">
    <p class='ocr_par' dir='ltr' id='par_1_1' title="bbox 300 287 975 368">
     <span class='ocr_line' id='line_1_1' title="bbox 300 287 975 368; baseline -0.001 -16"><span class='ocrx_word' id='word_1_1' title='bbox 300 287 344 352; x_wconf 83' lang='lat'><strong>68</strong></span> <span class='ocrx_word' id='word_1_2' title='bbox 396 315 400 327; x_wconf 90' lang='lat'>·</span> <span class='ocrx_word' id='word_1_3' title='bbox 627 301 726 354; x_wconf 67' lang='lat' dir='ltr'><strong>mon.</strong></span> <span class='ocrx_word' id='word_1_4' title='bbox 743 299 975 368; x_wconf 65' lang='lat' dir='ltr'><strong>§.eros-ras.</strong></span> 
     </span>
    </p>
   </div>
   <div class='ocr_carea' id='block_1_2' title="bbox 205 471 1408 2212">
    <p class='ocr_par' dir='ltr' id='par_1_2' title="bbox 205 471 1401 1114">
     <span class='ocr_line' id='line_1_2' title="bbox 205 471 1373 563; baseline -0.002 -23"><span class='ocrx_word' id='word_1_5' title='bbox 205 490 208 497; x_wconf 57' lang='lat'><strong><em>¹</em></strong></span> <span class='ocrx_word' id='word_1_6' title='bbox 303 475 515 542; x_wconf 84' lang='lat' dir='ltr'><strong>numisaiones</strong></span> <span class='ocrx_word' id='word_1_7' title='bbox 535 473 669 563; x_wconf 84' lang='lat' dir='ltr'><strong>proinde</strong></span> <span class='ocrx_word' id='word_1_8' title='bbox 692 472 790 563; x_wconf 70' lang='lat' dir='ltr'><strong>stiunt,</strong></span> <span class='ocrx_word' id='word_1_9' title='bbox 812 472 936 542; x_wconf 74' lang='lat' dir='ltr'><strong>sederi</strong></span> <span class='ocrx_word' id='word_1_10' title='bbox 954 471 1059 542; x_wconf 84' lang='lat' dir='ltr'><strong>solent</strong></span> <span class='ocrx_word' id='word_1_11' title='bbox 1076 473 1215 542; x_wconf 80' lang='lat' dir='ltr'><strong>comita</strong></span> <span class='ocrx_word' id='word_1_12' title='bbox 1232 495 1308 544; x_wconf 88' lang='lat' dir='ltr'><strong>eum</strong></span> <span class='ocrx_word' id='word_1_13' title='bbox 1367 517 1373 538; x_wconf 82' lang='grc'><strong>.</strong></span> 
     </span>
     <span class='ocr_line' id='line_1_3' title="bbox 304 579 1308 676; baseline -0.002 -26"><span class='ocrx_word' id='word_1_14' title='bbox 304 593 397 674; x_wconf 88' lang='lat' dir='ltr'><strong>pater</strong></span> <span class='ocrx_word' id='word_1_15' title='bbox 417 581 457 650; x_wconf 90' lang='lat' dir='ltr'><strong>de</strong></span> <span class='ocrx_word' id='word_1_16' title='bbox 479 591 636 676; x_wconf 84' lang='lat' dir='ltr'><strong>potestate</strong></span> <span class='ocrx_word' id='word_1_17' title='bbox 655 581 802 673; x_wconf 75' lang='lat' dir='ltr'><strong>limium,</strong></span> <span class='ocrx_word' id='word_1_18' title='bbox 822 591 903 652; x_wconf 82' lang='lat' dir='ltr'><strong>ut⁸⁸</strong></span> <span class='ocrx_word' id='word_1_19' title='bbox 927 581 977 648; x_wconf 91' lang='lat' dir='ltr'><strong>sui</strong></span> <span class='ocrx_word' id='word_1_20' title='bbox 998 583 1076 648; x_wconf 88' lang='lat' dir='ltr'><strong>iuris</strong></span> <span class='ocrx_word' id='word_1_21' title='bbox 1092 579 1308 652; x_wconf 62' lang='lat' dir='ltr'><strong>efficiatum.</strong></span> 
     </span>
     <span class='ocr_line' id='line_1_4' title="bbox 304 689 1347 785; baseline 0.002 -25"><span class='ocrx_word' id='word_1_22' title='bbox 304 691 418 760; x_wconf 88' lang='lat' dir='ltr'><strong>deinde</strong></span> <span class='ocrx_word' id='word_1_23' title='bbox 433 703 488 761; x_wconf 90' lang='lat' dir='ltr'><strong>aut</strong></span> <span class='ocrx_word' id='word_1_24' title='bbox 505 694 587 783; x_wconf 86' lang='lat' dir='ltr'><strong>patri</strong></span> <span class='ocrx_word' id='word_1_25' title='bbox 605 695 861 785; x_wconf 73' lang='lat' dir='ltr'><strong>rempnlcipatur,</strong></span> <span class='ocrx_word' id='word_1_26' title='bbox 877 702 910 761; x_wconf 89' lang='lat' dir='ltr'><strong>et</strong></span> <span class='ocrx_word' id='word_1_27' title='bbox 927 690 968 758; x_wconf 80' lang='lat' dir='ltr'><strong>alo</strong></span> <span class='ocrx_word' id='word_1_28' title='bbox 985 711 1025 759; x_wconf 88' lang='lat' dir='ltr'><strong>eo</strong></span> <span class='ocrx_word' id='word_1_29' title='bbox 1039 692 1077 772; x_wconf 85' lang='lat' dir='ltr'><strong>ia,</strong></span> <span class='ocrx_word' id='word_1_30' title='bbox 1098 693 1154 782; x_wconf 88' lang='lat' dir='ltr'><strong>qui</strong></span> <span class='ocrx_word' id='word_1_31' title='bbox 1169 689 1309 784; x_wconf 84' lang='lat' dir='ltr'><strong>adoptat,</strong></span> <span class='ocrx_word' id='word_1_32' title='bbox 1326 711 1347 762; x_wconf 80' lang='grc'><strong>4</strong></span> 
     </span>
     <span class='ocr_line' id='line_1_5' title="bbox 302 799 1401 895; baseline -0.007 -25"><span class='ocrx_word' id='word_1_33' title='bbox 302 803 444 872; x_wconf 87' lang='lat' dir='ltr'><strong>uindicat</strong></span> <span class='ocrx_word' id='word_1_34' title='bbox 464 811 588 895; x_wconf 73' lang='lat' dir='ltr'><strong>aputu</strong></span> <span class='ocrx_word' id='word_1_35' title='bbox 613 802 801 871; x_wconf 72' lang='lat' dir='ltr'><strong>Praetorem</strong></span> <span class='ocrx_word' id='word_1_36' title='bbox 826 802 937 891; x_wconf 71' lang='lat' dir='ltr'><strong>lfilium</strong></span> <span class='ocrx_word' id='word_1_37' title='bbox 959 823 1053 870; x_wconf 89' lang='lat' dir='ltr'><strong>suum</strong></span> <span class='ocrx_word' id='word_1_38' title='bbox 1075 823 1163 884; x_wconf 84' lang='lat' dir='ltr'><strong>esse,</strong></span> <span class='ocrx_word' id='word_1_39' title='bbox 1184 813 1231 884; x_wconf 89' lang='lat' dir='ltr'><strong>et,</strong></span> <span class='ocrx_word' id='word_1_40' title='bbox 1250 799 1308 870; x_wconf 86' lang='lat' dir='ltr'><strong>illo</strong></span> <span class='ocrx_word' id='word_1_41' title='bbox 1396 851 1401 862; x_wconf 94' lang='grc'><em>,</em></span> 
     </span>
     <span class='ocr_line' id='line_1_6' title="bbox 303 909 1308 1002; baseline 0 -22"><span class='ocrx_word' id='word_1_42' title='bbox 303 923 414 980; x_wconf 88' lang='lat' dir='ltr'><strong>contra</strong></span> <span class='ocrx_word' id='word_1_43' title='bbox 434 935 499 980; x_wconf 90' lang='lat' dir='ltr'><strong>non</strong></span> <span class='ocrx_word' id='word_1_44' title='bbox 522 915 764 996; x_wconf 80' lang='lat' dir='ltr'><strong>uindicante⁸⁸‚</strong></span> <span class='ocrx_word' id='word_1_45' title='bbox 785 916 834 1001; x_wconf 83' lang='lat' dir='ltr'><strong>(a)</strong></span> <span class='ocrx_word' id='word_1_46' title='bbox 851 913 1007 982; x_wconf 87' lang='lat' dir='ltr'><strong>Praetore</strong></span> <span class='ocrx_word' id='word_1_47' title='bbox 1024 911 1207 1002; x_wconf 70' lang='lat' dir='ltr'><strong>uiuidicenti</strong></span> <span class='ocrx_word' id='word_1_48' title='bbox 1226 909 1308 980; x_wconf 80' lang='lat' dir='ltr'><strong>llius</strong></span> 
     </span>
     <span class='ocr_line' id='line_1_7' title="bbox 303 1023 1099 1114; baseline 0.001 -25"><span class='ocrx_word' id='word_1_49' title='bbox 303 1023 475 1107; x_wconf 81' lang='lat' dir='ltr'><strong>addicitur3</strong></span> <span class='ocrx_word' id='word_1_50' title='bbox 517 1034 572 1092; x_wconf 85' lang='lat' dir='ltr'><strong>aut</strong></span> <span class='ocrx_word' id='word_1_51' title='bbox 601 1025 671 1092; x_wconf 88' lang='lat' dir='ltr'><strong>iure</strong></span> <span class='ocrx_word' id='word_1_52' title='bbox 700 1023 899 1113; x_wconf 82' lang='lat' dir='ltr'><strong>mancipatur</strong></span> <span class='ocrx_word' id='word_1_53' title='bbox 925 1025 1008 1114; x_wconf 83' lang='lat' dir='ltr'><strong>patri</strong></span> <span class='ocrx_word' id='word_1_54' title='bbox 1032 1024 1099 1111; x_wconf 69' lang='grc' dir='ltr'><strong>..Ι</strong></span> 
     </span>
    </p>

    <p class='ocr_par' dir='ltr' id='par_1_3' title="bbox 253 1131 1408 2212">
     <span class='ocr_line' id='line_1_8' title="bbox 989 1131 1408 1222; baseline -0.012 -22"><span class='ocrx_word' id='word_1_55' title='bbox 989 1142 1023 1177; x_wconf 77' lang='grc'>”</span> <span class='ocrx_word' id='word_1_56' title='bbox 1060 1131 1345 1222; x_wconf 78' lang='lat' dir='ltr'><strong>{mancipationes</strong></span> <span class='ocrx_word' id='word_1_57' title='bbox 1404 1164 1408 1172; x_wconf 45' lang='lat' dir='ltr'>v</span> 
     </span>
     <span class='ocr_line' id='line_1_9' title="bbox 305 1241 1308 1334; baseline -0.003 -23"><span class='ocrx_word' id='word_1_58' title='bbox 305 1251 418 1312; x_wconf 76' lang='lat' dir='ltr'><strong>est⁴⁸:</strong></span> <span class='ocrx_word' id='word_1_59' title='bbox 457 1255 507 1311; x_wconf 87' lang='lat' dir='ltr'><strong>set</strong></span> <span class='ocrx_word' id='word_1_60' title='bbox 535 1265 612 1310; x_wconf 83' lang='lat' dir='ltr'><strong>sene</strong></span> <span class='ocrx_word' id='word_1_61' title='bbox 641 1242 842 1312; x_wconf 81' lang='lat' dir='ltr'><strong>commodius</strong></span> <span class='ocrx_word' id='word_1_62' title='bbox 873 1252 937 1324; x_wconf 91' lang='lat' dir='ltr'><strong>est,</strong></span> <span class='ocrx_word' id='word_1_63' title='bbox 969 1245 1051 1334; x_wconf 85' lang='lat' dir='ltr'><strong>patri</strong></span> <span class='ocrx_word' id='word_1_64' title='bbox 1080 1241 1308 1331; x_wconf 72' lang='lat' dir='ltr'><strong>retmancipari.</strong></span> 
     </span>
     <span class='ocr_line' id='line_1_10' title="bbox 304 1340 1404 1444; baseline -0.003 -26"><span class='ocrx_word' id='word_1_65' title='bbox 304 1352 339 1420; x_wconf 94' lang='lat' dir='ltr'><strong>ln</strong></span> <span class='ocrx_word' id='word_1_66' title='bbox 362 1355 478 1421; x_wconf 85' lang='lat' dir='ltr'><strong>ceteris</strong></span> <span class='ocrx_word' id='word_1_67' title='bbox 499 1375 578 1420; x_wconf 93' lang='lat' dir='ltr'><strong>uero</strong></span> <span class='ocrx_word' id='word_1_68' title='bbox 600 1351 773 1420; x_wconf 87' lang='lat' dir='ltr'><strong>liberorum</strong></span> <span class='ocrx_word' id='word_1_69' title='bbox 795 1355 951 1444; x_wconf 90' lang='lat' dir='ltr'><strong>personis,</strong></span> <span class='ocrx_word' id='word_1_70' title='bbox 971 1377 1029 1420; x_wconf 90' lang='lat' dir='ltr'><strong>seu</strong></span> <span class='ocrx_word' id='word_1_71' title='bbox 1052 1350 1235 1440; x_wconf 82' lang='lat' dir='ltr'><strong>lmasculini</strong></span> <span class='ocrx_word' id='word_1_72' title='bbox 1250 1371 1309 1418; x_wconf 89' lang='lat' dir='ltr'><strong>seu</strong></span> <span class='ocrx_word' id='word_1_73' title='bbox 1401 1340 1404 1344; x_wconf 64' lang='grc'><strong>’</strong></span> 
     </span>
     <span class='ocr_line' id='line_1_11' title="bbox 309 1461 1310 1555; baseline -0.004 -28"><span class='ocrx_word' id='word_1_74' title='bbox 309 1465 452 1532; x_wconf 84' lang='lat' dir='ltr'><strong>seminini</strong></span> <span class='ocrx_word' id='word_1_75' title='bbox 474 1485 581 1546; x_wconf 86' lang='lat' dir='ltr'><strong>sexus,</strong></span> <span class='ocrx_word' id='word_1_76' title='bbox 602 1485 664 1530; x_wconf 89' lang='lat' dir='ltr'><strong>una</strong></span> <span class='ocrx_word' id='word_1_77' title='bbox 687 1463 809 1534; x_wconf 87' lang='lat' dir='ltr'><strong>scilicet</strong></span> <span class='ocrx_word' id='word_1_78' title='bbox 830 1465 1029 1555; x_wconf 78' lang='lat' dir='ltr'><strong>manlcipatio</strong></span> <span class='ocrx_word' id='word_1_79' title='bbox 1050 1461 1180 1542; x_wconf 85' lang='lat' dir='ltr'><strong>sufficit,</strong></span> <span class='ocrx_word' id='word_1_80' title='bbox 1202 1469 1235 1526; x_wconf 90' lang='lat' dir='ltr'><strong>et</strong></span> <span class='ocrx_word' id='word_1_81' title='bbox 1256 1466 1310 1526; x_wconf 85' lang='lat' dir='ltr'><strong>aut</strong></span> 
     </span>
     <span class='ocr_line' id='line_1_12' title="bbox 308 1567 1366 1664; baseline -0.004 -27"><span class='ocrx_word' id='word_1_82' title='bbox 308 1573 567 1663; x_wconf 84' lang='lat' dir='ltr'><strong>remancipantur</strong></span> <span class='ocrx_word' id='word_1_83' title='bbox 585 1575 719 1664; x_wconf 86' lang='lat' dir='ltr'><strong>parenti,</strong></span> <span class='ocrx_word' id='word_1_84' title='bbox 740 1583 796 1640; x_wconf 91' lang='lat' dir='ltr'><strong>aut</strong></span> <span class='ocrx_word' id='word_1_85' title='bbox 817 1574 899 1664; x_wconf 72' lang='lat' dir='ltr'><strong>liure</strong></span> <span class='ocrx_word' id='word_1_86' title='bbox 922 1574 1149 1664; x_wconf 77' lang='lat' dir='ltr'><strong>mancipantur.</strong></span> <span class='ocrx_word' id='word_1_87' title='bbox 1187 1567 1310 1637; x_wconf 88' lang='lat' dir='ltr'><strong>Eadem</strong></span> <span class='ocrx_word' id='word_1_88' title='bbox 1331 1584 1366 1634; x_wconf 77' lang='lat'><strong>12</strong></span> 
     </span>
     <span class='ocr_line' id='line_1_13' title="bbox 309 1679 1312 1775; baseline -0.006 -25"><span class='ocrx_word' id='word_1_89' title='bbox 309 1691 344 1750; x_wconf 90' lang='lat' dir='ltr'><strong>et</strong></span> <span class='ocrx_word' id='word_1_90' title='bbox 370 1682 403 1748; x_wconf 89' lang='lat' dir='ltr'><strong>in</strong></span> <span class='ocrx_word' id='word_1_91' title='bbox 431 1684 605 1772; x_wconf 89' lang='lat' dir='ltr'><strong>prouinciis</strong></span> <span class='ocrx_word' id='word_1_92' title='bbox 633 1695 710 1775; x_wconf 90' lang='lat' dir='ltr'><strong>aput</strong></span> <span class='ocrx_word' id='word_1_93' title='bbox 730 1683 916 1755; x_wconf 84' lang='lat' dir='ltr'><strong>Praesidem</strong></span> <span class='ocrx_word' id='word_1_94' title='bbox 940 1683 946 1772; x_wconf 89' lang='grc' dir='ltr'>Ι</span> <span class='ocrx_word' id='word_1_95' title='bbox 953 1684 1182 1775; x_wconf 73' lang='lat' dir='ltr'><strong>prouinciae0·</strong></span> <span class='ocrx_word' id='word_1_96' title='bbox 1207 1679 1312 1748; x_wconf 85' lang='lat' dir='ltr'><strong>solent</strong></span> 
     </span>
     <span class='ocr_line' id='line_1_14' title="bbox 306 1790 1355 1882; baseline 0.001 -24"><span class='ocrx_word' id='word_1_97' title='bbox 306 1790 385 1859; x_wconf 84' lang='lat' dir='ltr'><strong>lieri.</strong></span> <span class='ocrx_word' id='word_1_98' title='bbox 430 1794 562 1882; x_wconf 71' lang='lat' dir='ltr'><strong>l§.135.</strong></span> <span class='ocrx_word' id='word_1_99' title='bbox 591 1793 655 1880; x_wconf 87' lang='lat' dir='ltr'><strong>Qui</strong></span> <span class='ocrx_word' id='word_1_100' title='bbox 677 1818 719 1862; x_wconf 86' lang='lat' dir='ltr'><strong>ex</strong></span> <span class='ocrx_word' id='word_1_101' title='bbox 741 1793 804 1864; x_wconf 86' lang='lat' dir='ltr'><strong>filio</strong></span> <span class='ocrx_word' id='word_1_102' title='bbox 826 1795 929 1864; x_wconf 88' lang='lat' dir='ltr'><strong>semel</strong></span> <span class='ocrx_word' id='word_1_103' title='bbox 949 1796 1107 1862; x_wconf 88' lang='lat' dir='ltr'><strong>iterumue</strong></span> <span class='ocrx_word' id='word_1_104' title='bbox 1128 1791 1310 1882; x_wconf 88' lang='lat' dir='ltr'><strong>mancipato</strong></span> <span class='ocrx_word' id='word_1_105' title='bbox 1327 1804 1355 1859; x_wconf 77' lang='lat' dir='ltr'>Q</span> 
     </span>
     <span class='ocr_line' id='line_1_15' title="bbox 308 1899 1311 1995; baseline -0.006 -25"><span class='ocrx_word' id='word_1_106' title='bbox 308 1913 481 1992; x_wconf 88' lang='lat' dir='ltr'><strong>conceptus</strong></span> <span class='ocrx_word' id='word_1_107' title='bbox 506 1908 578 1992; x_wconf 75' lang='lat' dir='ltr'><strong>lest,</strong></span> <span class='ocrx_word' id='word_1_108' title='bbox 598 1905 674 1972; x_wconf 89' lang='lat' dir='ltr'><strong>lieet</strong></span> <span class='ocrx_word' id='word_1_109' title='bbox 693 1916 766 1994; x_wconf 88' lang='lat' dir='ltr'><strong>post</strong></span> <span class='ocrx_word' id='word_1_110' title='bbox 782 1908 909 1974; x_wconf 85' lang='lat' dir='ltr'><strong>tertiam</strong></span> <span class='ocrx_word' id='word_1_111' title='bbox 929 1907 1197 1995; x_wconf 78' lang='lat' dir='ltr'><strong>mancipationem</strong></span> <span class='ocrx_word' id='word_1_112' title='bbox 1213 1899 1311 1992; x_wconf 82' lang='lat' dir='ltr'><strong>patris</strong></span> 
     </span>
     <span class='ocr_line' id='line_1_16' title="bbox 253 2005 1386 2103; baseline -0.005 -27"><span class='ocrx_word' id='word_1_113' title='bbox 253 2032 259 2043; x_wconf 65' lang='lat'><em>¹</em></span> <span class='ocrx_word' id='word_1_114' title='bbox 308 2015 359 2078; x_wconf 89' lang='lat' dir='ltr'><strong>sui</strong></span> <span class='ocrx_word' id='word_1_115' title='bbox 382 2012 562 2099; x_wconf 69' lang='lat' dir='ltr'><strong>inescatur,</strong></span> <span class='ocrx_word' id='word_1_116' title='bbox 589 2023 697 2079; x_wconf 86' lang='lat' dir='ltr'><strong>tomen</strong></span> <span class='ocrx_word' id='word_1_117' title='bbox 718 2014 751 2078; x_wconf 90' lang='lat' dir='ltr'><strong>in</strong></span> <span class='ocrx_word' id='word_1_118' title='bbox 773 2014 827 2080; x_wconf 91' lang='lat' dir='ltr'><strong>aui</strong></span> <span class='ocrx_word' id='word_1_119' title='bbox 847 2022 1005 2103; x_wconf 83' lang='lat' dir='ltr'><strong>potestate</strong></span> <span class='ocrx_word' id='word_1_120' title='bbox 1028 2023 1091 2094; x_wconf 91' lang='lat' dir='ltr'><strong>est,</strong></span> <span class='ocrx_word' id='word_1_121' title='bbox 1121 2024 1153 2080; x_wconf 92' lang='lat' dir='ltr'><strong>et</strong></span> <span class='ocrx_word' id='word_1_122' title='bbox 1174 2012 1248 2080; x_wconf 90' lang='lat' dir='ltr'><strong>ideo</strong></span> <span class='ocrx_word' id='word_1_123' title='bbox 1270 2005 1309 2076; x_wconf 88' lang='lat' dir='ltr'><strong>ab</strong></span> <span class='ocrx_word' id='word_1_124' title='bbox 1328 2022 1386 2072; x_wconf 77' lang='lat' dir='ltr'><strong>le.</strong></span> 
     </span>
     <span class='ocr_line' id='line_1_17' title="bbox 307 2119 1310 2212; baseline -0.001 -23"><span class='ocrx_word' id='word_1_125' title='bbox 307 2144 346 2190; x_wconf 91' lang='lat' dir='ltr'><strong>eo</strong></span> <span class='ocrx_word' id='word_1_126' title='bbox 377 2121 424 2207; x_wconf 71' lang='lat' dir='ltr'><strong>let</strong></span> <span class='ocrx_word' id='word_1_127' title='bbox 452 2119 660 2209; x_wconf 81' lang='lat' dir='ltr'><strong>emancipari,</strong></span> <span class='ocrx_word' id='word_1_128' title='bbox 689 2131 722 2186; x_wconf 89' lang='lat' dir='ltr'><strong>et</strong></span> <span class='ocrx_word' id='word_1_129' title='bbox 749 2121 782 2188; x_wconf 87' lang='lat' dir='ltr'><strong>in</strong></span> <span class='ocrx_word' id='word_1_130' title='bbox 812 2120 1017 2212; x_wconf 83' lang='lat' dir='ltr'><strong>adoptionem</strong></span> <span class='ocrx_word' id='word_1_131' title='bbox 1045 2121 1114 2188; x_wconf 83' lang='lat' dir='ltr'><strong>dori</strong></span> <span class='ocrx_word' id='word_1_132' title='bbox 1140 2124 1310 2212; x_wconf 54' lang='lat' dir='ltr'><strong>potestn-</strong></span> 
     </span>
    </p>
   </div>
   <div class='ocr_carea' id='block_1_3' title="bbox 269 2315 1430 2958">
    <p class='ocr_par' dir='ltr' id='par_1_4' title="bbox 269 2315 1430 2958">
     <span class='ocr_line' id='line_1_18' title="bbox 309 2315 1311 2386; baseline 0 -16"><span class='ocrx_word' id='word_1_133' title='bbox 309 2315 396 2386; x_wconf 86' lang='lat' dir='ltr'><strong>[Hine</strong></span> <span class='ocrx_word' id='word_1_134' title='bbox 413 2315 463 2369; x_wconf 85' lang='lat' dir='ltr'><strong>Ed.</strong></span> <span class='ocrx_word' id='word_1_135' title='bbox 476 2317 490 2368; x_wconf 96' lang='lat' dir='ltr'><strong>l</strong></span> <span class='ocrx_word' id='word_1_136' title='bbox 502 2315 558 2368; x_wconf 73' lang='lat' dir='ltr'><strong>eta</strong></span> <span class='ocrx_word' id='word_1_137' title='bbox 581 2343 647 2372; x_wconf 67' lang='lat' dir='ltr'><strong>assa</strong></span> <span class='ocrx_word' id='word_1_138' title='bbox 665 2331 697 2369; x_wconf 81' lang='lat' dir='ltr'><strong>tto</strong></span> <span class='ocrx_word' id='word_1_139' title='bbox 740 2318 795 2370; x_wconf 88' lang='lat' dir='ltr'><strong>Sed</strong></span> <span class='ocrx_word' id='word_1_140' title='bbox 814 2335 845 2370; x_wconf 84' lang='lat' dir='ltr'><strong>ne</strong></span> <span class='ocrx_word' id='word_1_141' title='bbox 864 2323 926 2370; x_wconf 89' lang='lat' dir='ltr'><strong>ante</strong></span> <span class='ocrx_word' id='word_1_142' title='bbox 945 2319 1063 2368; x_wconf 82' lang='lat' dir='ltr'><strong>vocalem</strong></span> <span class='ocrx_word' id='word_1_143' title='bbox 1084 2319 1114 2369; x_wconf 93' lang='lat' dir='ltr'><strong>in</strong></span> <span class='ocrx_word' id='word_1_144' title='bbox 1136 2318 1229 2369; x_wconf 86' lang='lat' dir='ltr'><strong>codiee</strong></span> <span class='ocrx_word' id='word_1_145' title='bbox 1248 2318 1311 2370; x_wconf 84' lang='lat' dir='ltr'><strong>Gaii</strong></span> 
     </span>
     <span class='ocr_line' id='line_1_19' title="bbox 269 2406 1311 2486; baseline 0 -25"><span class='ocrx_word' id='word_1_146' title='bbox 269 2480 273 2486; x_wconf 93' lang='lat'><strong>.</strong></span> <span class='ocrx_word' id='word_1_147' title='bbox 308 2424 440 2477; x_wconf 84' lang='lat' dir='ltr'><strong>nusquam</strong></span> <span class='ocrx_word' id='word_1_148' title='bbox 456 2406 616 2478; x_wconf 63' lang='lat' dir='ltr'><strong>inreritum]</strong></span> <span class='ocrx_word' id='word_1_149' title='bbox 719 2416 754 2452; x_wconf 70' lang='grc' dir='ltr'><strong>Ν</strong></span> <span class='ocrx_word' id='word_1_150' title='bbox 781 2411 848 2464; x_wconf 86' lang='lat' dir='ltr'><strong>Cod.</strong></span> <span class='ocrx_word' id='word_1_151' title='bbox 868 2422 915 2464; x_wconf 83' lang='lat' dir='ltr'><strong>aut</strong></span> <span class='ocrx_word' id='word_1_152' title='bbox 1030 2417 1065 2454; x_wconf 75' lang='grc' dir='ltr'>Η</span> <span class='ocrx_word' id='word_1_153' title='bbox 1093 2411 1162 2465; x_wconf 87' lang='lat' dir='ltr'><strong>Cod.</strong></span> <span class='ocrx_word' id='word_1_154' title='bbox 1180 2409 1311 2477; x_wconf 60' lang='lat' dir='ltr'><strong>officinis?</strong></span> 
     </span>
     <span class='ocr_line' id='line_1_20' title="bbox 312 2483 1310 2574; baseline -0.002 -17"><span class='ocrx_word' id='word_1_155' title='bbox 312 2509 347 2546; x_wconf 67' lang='grc' dir='ltr'>Η</span> <span class='ocrx_word' id='word_1_156' title='bbox 368 2502 481 2557; x_wconf 78' lang='lat' dir='ltr'><strong>Schedz</strong></span> <span class='ocrx_word' id='word_1_157' title='bbox 501 2521 519 2554; x_wconf 84' lang='lat' dir='ltr'><strong>o</strong></span> <span class='ocrx_word' id='word_1_158' title='bbox 537 2509 603 2573; x_wconf 88' lang='lat' dir='ltr'><strong>apnt</strong></span> <span class='ocrx_word' id='word_1_159' title='bbox 659 2511 694 2546; x_wconf 68' lang='grc' dir='ltr'><strong>θ*</strong></span> <span class='ocrx_word' id='word_1_160' title='bbox 717 2507 783 2561; x_wconf 86' lang='lat' dir='ltr'><strong>Cod.</strong></span> <span class='ocrx_word' id='word_1_161' title='bbox 800 2510 926 2561; x_wconf 77' lang='lat' dir='ltr'><strong>uincente</strong></span> <span class='ocrx_word' id='word_1_162' title='bbox 985 2514 1019 2549; x_wconf 74' lang='lat'><strong>⁸⁷</strong></span> <span class='ocrx_word' id='word_1_163' title='bbox 1042 2483 1139 2560; x_wconf 80' lang='lat' dir='ltr'><strong>Sched.</strong></span> <span class='ocrx_word' id='word_1_164' title='bbox 1158 2503 1310 2574; x_wconf 88' lang='lat' dir='ltr'><strong>inprincip.</strong></span> 
     </span>
     <span class='ocr_line' id='line_1_21' title="bbox 306 2594 1430 2670; baseline -0.003 -19"><span class='ocrx_word' id='word_1_165' title='bbox 306 2599 354 2652; x_wconf 91' lang='lat' dir='ltr'><strong>lin.</strong></span> <span class='ocrx_word' id='word_1_166' title='bbox 373 2599 469 2652; x_wconf 88' lang='lat' dir='ltr'><strong>ductus</strong></span> <span class='ocrx_word' id='word_1_167' title='bbox 488 2599 617 2654; x_wconf 83' lang='lat' dir='ltr'><strong>exhibent</strong></span> <span class='ocrx_word' id='word_1_168' title='bbox 634 2598 696 2668; x_wconf 80' lang='lat' dir='ltr'><strong>lios,</strong></span> <span class='ocrx_word' id='word_1_169' title='bbox 719 2602 837 2654; x_wconf 83' lang='lat' dir='ltr'><strong>incertos</strong></span> <span class='ocrx_word' id='word_1_170' title='bbox 857 2608 946 2656; x_wconf 87' lang='lat' dir='ltr'><strong>tamon</strong></span> <span class='ocrx_word' id='word_1_171' title='bbox 964 2619 1069 2656; x_wconf 86' lang='lat' dir='ltr'><strong>omnes:</strong></span> <span class='ocrx_word' id='word_1_172' title='bbox 1095 2599 1311 2670; x_wconf 73' lang='lat' dir='ltr'><strong>p(velr,reln)lc</strong></span> <span class='ocrx_word' id='word_1_173' title='bbox 1339 2643 1343 2648; x_wconf 94' lang='lat'><strong>.</strong></span> <span class='ocrx_word' id='word_1_174' title='bbox 1427 2594 1430 2600; x_wconf 83' lang='grc'><em>’</em></span> 
     </span>
     <span class='ocr_line' id='line_1_22' title="bbox 306 2683 1311 2767; baseline -0.005 -19"><span class='ocrx_word' id='word_1_175' title='bbox 306 2692 572 2765; x_wconf 72' lang='lat' dir='ltr'><strong>(velr)oo(velm1pro</strong></span> <span class='ocrx_word' id='word_1_176' title='bbox 585 2683 713 2763; x_wconf 56' lang='lat' dir='ltr'><strong>eupsetet)</strong></span> <span class='ocrx_word' id='word_1_177' title='bbox 749 2696 903 2766; x_wconf 88' lang='lat' dir='ltr'><strong>[Huschk.</strong></span> <span class='ocrx_word' id='word_1_178' title='bbox 922 2698 991 2766; x_wconf 85' lang='lat' dir='ltr'><strong>petri</strong></span> <span class='ocrx_word' id='word_1_179' title='bbox 1010 2696 1145 2767; x_wconf 71' lang='lat' dir='ltr'><strong>odolptioo</strong></span> <span class='ocrx_word' id='word_1_180' title='bbox 1162 2696 1311 2750; x_wconf 75' lang='lat' dir='ltr'><strong>uindicanti</strong></span> 
     </span>
     <span class='ocr_line' id='line_1_23' title="bbox 305 2787 1311 2862; baseline -0.003 -20"><span class='ocrx_word' id='word_1_181' title='bbox 305 2789 389 2854; x_wconf 67' lang='lat' dir='ltr'><strong>titium</strong></span> <span class='ocrx_word' id='word_1_182' title='bbox 408 2787 441 2842; x_wconf 78' lang='lat' dir='ltr'><strong>nd</strong></span> <span class='ocrx_word' id='word_1_183' title='bbox 460 2805 491 2841; x_wconf 91' lang='lat' dir='ltr'><strong>eo</strong></span> <span class='ocrx_word' id='word_1_184' title='bbox 510 2791 583 2857; x_wconf 69' lang='lat' dir='ltr'><strong>repud</strong></span> <span class='ocrx_word' id='word_1_185' title='bbox 600 2806 675 2858; x_wconf 82' lang='lat' dir='ltr'><strong>qoem</strong></span> <span class='ocrx_word' id='word_1_186' title='bbox 693 2793 717 2844; x_wconf 84' lang='lat' dir='ltr'><strong>is</strong></span> <span class='ocrx_word' id='word_1_187' title='bbox 736 2795 763 2844; x_wconf 83' lang='lat' dir='ltr'><strong>in</strong></span> <span class='ocrx_word' id='word_1_188' title='bbox 783 2791 878 2862; x_wconf 82' lang='lat' dir='ltr'><strong>tertio]</strong></span> <span class='ocrx_word' id='word_1_189' title='bbox 903 2803 909 2814; x_wconf 67' lang='grc'><strong>“</strong></span> <span class='ocrx_word' id='word_1_190' title='bbox 947 2798 981 2834; x_wconf 78' lang='lat'><strong>⁰⁸</strong></span> <span class='ocrx_word' id='word_1_191' title='bbox 1003 2793 1100 2846; x_wconf 85' lang='lat' dir='ltr'><strong>Sched.</strong></span> <span class='ocrx_word' id='word_1_192' title='bbox 1119 2809 1143 2855; x_wconf 84' lang='lat' dir='ltr'><strong>e,</strong></span> <span class='ocrx_word' id='word_1_193' title='bbox 1161 2808 1209 2862; x_wconf 91' lang='lat' dir='ltr'><strong>pro</strong></span> <span class='ocrx_word' id='word_1_194' title='bbox 1226 2788 1262 2855; x_wconf 71' lang='grc' dir='ltr'><strong>ἰ,</strong></span> <span class='ocrx_word' id='word_1_195' title='bbox 1282 2793 1311 2839; x_wconf 89' lang='lat' dir='ltr'><strong>ut</strong></span> 
     </span>
     <span class='ocr_line' id='line_1_24' title="bbox 307 2877 1310 2958; baseline -0.005 -20"><span class='ocrx_word' id='word_1_196' title='bbox 307 2885 416 2952; x_wconf 81' lang='lat' dir='ltr'><strong>opinor,</strong></span> <span class='ocrx_word' id='word_1_197' title='bbox 433 2883 486 2933; x_wconf 67' lang='lat' dir='ltr'><strong>ie·</strong></span> <span class='ocrx_word' id='word_1_198' title='bbox 507 2887 557 2933; x_wconf 74' lang='lat' dir='ltr'><strong>est·</strong></span> <span class='ocrx_word' id='word_1_199' title='bbox 633 2890 668 2925; x_wconf 77' lang='lat'><strong>⁸⁰</strong></span> <span class='ocrx_word' id='word_1_200' title='bbox 690 2887 788 2939; x_wconf 87' lang='lat' dir='ltr'><strong>Sched.</strong></span> <span class='ocrx_word' id='word_1_201' title='bbox 806 2877 858 2955; x_wconf 62' lang='lat' dir='ltr'><strong>in?</strong></span> <span class='ocrx_word' id='word_1_202' title='bbox 877 2888 937 2958; x_wconf 77' lang='lat' dir='ltr'><strong>{pro</strong></span> <span class='ocrx_word' id='word_1_203' title='bbox 955 2906 973 2939; x_wconf 85' lang='lat' dir='ltr'><strong>o</strong></span> <span class='ocrx_word' id='word_1_204' title='bbox 1011 2889 1092 2945; x_wconf 82' lang='lat' dir='ltr'><strong>Quod</strong></span> <span class='ocrx_word' id='word_1_205' title='bbox 1109 2886 1240 2956; x_wconf 79' lang='lat' dir='ltr'><strong>plurativo</strong></span> <span class='ocrx_word' id='word_1_206' title='bbox 1260 2899 1310 2934; x_wconf 89' lang='lat' dir='ltr'><strong>nu-</strong></span> 
     </span>
    </p>
   </div>
   <div class='ocr_carea' id='block_1_4' title="bbox 190 2959 1311 3049">
    <p class='ocr_par' dir='ltr' id='par_1_5' title="bbox 190 2959 1311 3049">
     <span class='ocr_line' id='line_1_25' title="bbox 190 2959 1311 3049; baseline 0.004 -26"><span class='ocrx_word' id='word_1_207' title='bbox 190 3013 201 3026; x_wconf 79' lang='lat'><strong>.</strong></span> <span class='ocrx_word' id='word_1_208' title='bbox 307 2992 381 3029; x_wconf 82' lang='lat' dir='ltr'><strong>mero</strong></span> <span class='ocrx_word' id='word_1_209' title='bbox 400 2959 548 3038; x_wconf 53' lang='lat' dir='ltr'><strong>Praesides</strong></span> <span class='ocrx_word' id='word_1_210' title='bbox 565 2979 764 3041; x_wconf 78' lang='lat' dir='ltr'><strong>prouinciarum</strong></span> <span class='ocrx_word' id='word_1_211' title='bbox 788 2981 896 3046; x_wconf 78' lang='lat' dir='ltr'><strong>scripsi,</strong></span> <span class='ocrx_word' id='word_1_212' title='bbox 919 2981 947 3031; x_wconf 93' lang='lat' dir='ltr'><strong>id</strong></span> <span class='ocrx_word' id='word_1_213' title='bbox 969 2981 1093 3034; x_wconf 81' lang='lat' dir='ltr'><strong>similium</strong></span> <span class='ocrx_word' id='word_1_214' title='bbox 1116 2981 1220 3049; x_wconf 81' lang='lat' dir='ltr'><strong>aliquot</strong></span> <span class='ocrx_word' id='word_1_215' title='bbox 1235 2979 1311 3030; x_wconf 85' lang='lat' dir='ltr'><strong>loco-</strong></span> 
     </span>
    </p>
   </div>
   <div class='ocr_carea' id='block_1_5' title="bbox 306 3065 1310 3151">
    <p class='ocr_par' dir='ltr' id='par_1_6' title="bbox 306 3065 1310 3151">
     <span class='ocr_line' id='line_1_26' title="bbox 306 3065 1310 3151; baseline 0.007 -36"><span class='ocrx_word' id='word_1_216' title='bbox 306 3087 381 3133; x_wconf 73' lang='lat' dir='ltr'><strong>rum,</strong></span> <span class='ocrx_word' id='word_1_217' title='bbox 405 3065 453 3132; x_wconf 88' lang='lat' dir='ltr'><strong>qui</strong></span> <span class='ocrx_word' id='word_1_218' title='bbox 472 3067 544 3132; x_wconf 83' lang='lat' dir='ltr'><strong>opud</strong></span> <span class='ocrx_word' id='word_1_219' title='bbox 562 3068 690 3119; x_wconf 85' lang='lat' dir='ltr'><strong>Nostrum</strong></span> <span class='ocrx_word' id='word_1_220' title='bbox 707 3068 894 3136; x_wconf 81' lang='lat' dir='ltr'><strong>inveniuntur,</strong></span> <span class='ocrx_word' id='word_1_221' title='bbox 917 3077 1039 3151; x_wconf 61' lang='lat' dir='ltr'><strong>enemplo</strong></span> <span class='ocrx_word' id='word_1_222' title='bbox 1055 3075 1117 3129; x_wconf 86' lang='lat' dir='ltr'><strong>feci.</strong></span> <span class='ocrx_word' id='word_1_223' title='bbox 1156 3073 1236 3128; x_wconf 80' lang='lat' dir='ltr'><strong>Cous.</strong></span> <span class='ocrx_word' id='word_1_224' title='bbox 1254 3071 1310 3136; x_wconf 83' lang='lat' dir='ltr'><strong>hui.</strong></span> 
     </span>
    </p>
   </div>
   <div class='ocr_carea' id='block_1_6' title="bbox 201 3157 1309 3238">
    <p class='ocr_par' dir='ltr' id='par_1_7' title="bbox 201 3157 1309 3238">
     <span class='ocr_line' id='line_1_27' title="bbox 201 3157 1309 3238; baseline 0.004 -26"><span class='ocrx_word' id='word_1_225' title='bbox 201 3228 205 3238; x_wconf 29' lang='grc'>1</span> <span class='ocrx_word' id='word_1_226' title='bbox 308 3163 489 3213; x_wconf 87' lang='lat' dir='ltr'><strong>Commentar.</strong></span> <span class='ocrx_word' id='word_1_227' title='bbox 513 3157 653 3226; x_wconf 82' lang='lat'><strong>§.§.100.</strong></span> <span class='ocrx_word' id='word_1_228' title='bbox 674 3161 733 3212; x_wconf 79' lang='lat'><strong>185.</strong></span> <span class='ocrx_word' id='word_1_229' title='bbox 753 3162 814 3213; x_wconf 78' lang='lat'><strong>198.</strong></span> <span class='ocrx_word' id='word_1_230' title='bbox 837 3166 865 3212; x_wconf 90' lang='lat' dir='ltr'><strong>et</strong></span> <span class='ocrx_word' id='word_1_231' title='bbox 888 3163 1067 3221; x_wconf 83' lang='lat' dir='ltr'><strong>Commentar.</strong></span> <span class='ocrx_word' id='word_1_232' title='bbox 1080 3171 1112 3221; x_wconf 94' lang='lat' dir='ltr'><strong>ll.</strong></span> <span class='ocrx_word' id='word_1_233' title='bbox 1136 3169 1163 3237; x_wconf 87' lang='lat'><strong>§.</strong></span> <span class='ocrx_word' id='word_1_234' title='bbox 1178 3169 1222 3221; x_wconf 79' lang='lat'><strong>24.</strong></span> <span class='ocrx_word' id='word_1_235' title='bbox 1241 3171 1309 3220; x_wconf 83' lang='lat' dir='ltr'><strong>extr.</strong></span> 
     </span>
    </p>
   </div>
   <div class='ocr_carea' id='block_1_7' title="bbox 239 3250 1311 3705">
    <p class='ocr_par' dir='ltr' id='par_1_8' title="bbox 239 3250 1311 3705">
     <span class='ocr_line' id='line_1_28' title="bbox 308 3250 1311 3329; baseline 0.004 -21"><span class='ocrx_word' id='word_1_236' title='bbox 308 3253 422 3323; x_wconf 82' lang='lat' dir='ltr'><strong>[Postea</strong></span> <span class='ocrx_word' id='word_1_237' title='bbox 444 3250 577 3320; x_wconf 86' lang='lat' dir='ltr'><strong>scriptura</strong></span> <span class='ocrx_word' id='word_1_238' title='bbox 595 3251 696 3305; x_wconf 88' lang='lat' dir='ltr'><strong>codicis</strong></span> <span class='ocrx_word' id='word_1_239' title='bbox 713 3253 877 3320; x_wconf 74' lang='lat' dir='ltr'><strong>singularem</strong></span> <span class='ocrx_word' id='word_1_240' title='bbox 899 3257 989 3325; x_wconf 89' lang='lat' dir='ltr'><strong>potius</strong></span> <span class='ocrx_word' id='word_1_241' title='bbox 1010 3260 1155 3326; x_wconf 81' lang='lat' dir='ltr'><strong>significari</strong></span> <span class='ocrx_word' id='word_1_242' title='bbox 1170 3261 1311 3329; x_wconf 70' lang='lat' dir='ltr'><strong>judicavit,</strong></span> 
     </span>
     <span class='ocr_line' id='line_1_29' title="bbox 308 3341 1310 3423; baseline 0.007 -23"><span class='ocrx_word' id='word_1_243' title='bbox 308 3365 388 3420; x_wconf 88' lang='lat' dir='ltr'><strong>quem</strong></span> <span class='ocrx_word' id='word_1_244' title='bbox 406 3347 565 3399; x_wconf 84' lang='lat' dir='ltr'><strong>confirment</strong></span> <span class='ocrx_word' id='word_1_245' title='bbox 584 3341 762 3414; x_wconf 85' lang='lat'><strong>§.(101.)102</strong></span> <span class='ocrx_word' id='word_1_246' title='bbox 780 3354 809 3400; x_wconf 89' lang='lat' dir='ltr'><strong>et</strong></span> <span class='ocrx_word' id='word_1_247' title='bbox 828 3351 930 3405; x_wconf 83' lang='lat' dir='ltr'><strong>comm.</strong></span> <span class='ocrx_word' id='word_1_248' title='bbox 942 3355 973 3407; x_wconf 92' lang='lat' dir='ltr'><strong>ll.</strong></span> <span class='ocrx_word' id='word_1_249' title='bbox 993 3351 1102 3423; x_wconf 61' lang='lat'><strong>§.2784</strong></span> <span class='ocrx_word' id='word_1_250' title='bbox 1164 3364 1198 3399; x_wconf 68' lang='grc' dir='ltr'><strong><em>Ν</em></strong></span> <span class='ocrx_word' id='word_1_251' title='bbox 1218 3373 1310 3410; x_wconf 79' lang='lat' dir='ltr'><strong>emon-</strong></span> 
     </span>
     <span class='ocr_line' id='line_1_30' title="bbox 239 3431 1311 3521; baseline 0.008 -28"><span class='ocrx_word' id='word_1_252' title='bbox 239 3489 249 3499; x_wconf 72' lang='lat'><em>,</em></span> <span class='ocrx_word' id='word_1_253' title='bbox 309 3444 395 3512; x_wconf 73' lang='lat' dir='ltr'><strong>cipere·</strong></span> <span class='ocrx_word' id='word_1_254' title='bbox 414 3445 466 3493; x_wconf 88' lang='lat' dir='ltr'><strong>etc.</strong></span> <span class='ocrx_word' id='word_1_255' title='bbox 496 3439 563 3492; x_wconf 83' lang='lat' dir='ltr'><strong>Cod.</strong></span> <span class='ocrx_word' id='word_1_256' title='bbox 583 3443 611 3489; x_wconf 89' lang='lat' dir='ltr'><strong>et</strong></span> <span class='ocrx_word' id='word_1_257' title='bbox 628 3431 729 3493; x_wconf 72' lang='lat' dir='ltr'><strong>Ed.l.&#39;:</strong></span> <span class='ocrx_word' id='word_1_258' title='bbox 747 3447 896 3513; x_wconf 65' lang='lat' dir='ltr'><strong>mancipem·</strong></span> <span class='ocrx_word' id='word_1_259' title='bbox 915 3451 966 3500; x_wconf 88' lang='lat' dir='ltr'><strong>etc.</strong></span> <span class='ocrx_word' id='word_1_260' title='bbox 997 3450 1064 3502; x_wconf 83' lang='lat' dir='ltr'><strong>Cum</strong></span> <span class='ocrx_word' id='word_1_261' title='bbox 1080 3455 1170 3504; x_wconf 84' lang='lat' dir='ltr'><strong>temen</strong></span> <span class='ocrx_word' id='word_1_262' title='bbox 1188 3449 1311 3521; x_wconf 81' lang='lat' dir='ltr'><strong>opposita</strong></span> 
     </span>
     <span class='ocr_line' id='line_1_31' title="bbox 308 3534 1311 3612; baseline 0.006 -22"><span class='ocrx_word' id='word_1_263' title='bbox 308 3550 362 3590; x_wconf 87' lang='lat' dir='ltr'><strong>non</strong></span> <span class='ocrx_word' id='word_1_264' title='bbox 374 3534 429 3586; x_wconf 86' lang='lat' dir='ltr'><strong>sint</strong></span> <span class='ocrx_word' id='word_1_265' title='bbox 446 3534 600 3598; x_wconf 77' lang='lat' dir='ltr'><strong>mancipare</strong></span> <span class='ocrx_word' id='word_1_266' title='bbox 620 3538 648 3585; x_wconf 85' lang='lat' dir='ltr'><strong>et</strong></span> <span class='ocrx_word' id='word_1_267' title='bbox 665 3536 693 3586; x_wconf 80' lang='lat' dir='ltr'><strong>in</strong></span> <span class='ocrx_word' id='word_1_268' title='bbox 707 3537 877 3603; x_wconf 78' lang='lat' dir='ltr'><strong>adoptionem</strong></span> <span class='ocrx_word' id='word_1_269' title='bbox 895 3543 971 3606; x_wconf 82' lang='lat' dir='ltr'><strong>dore,</strong></span> <span class='ocrx_word' id='word_1_270' title='bbox 990 3559 1067 3596; x_wconf 90' lang='lat' dir='ltr'><strong>nemo</strong></span> <span class='ocrx_word' id='word_1_271' title='bbox 1082 3545 1153 3608; x_wconf 83' lang='lat' dir='ltr'><strong>enim</strong></span> <span class='ocrx_word' id='word_1_272' title='bbox 1167 3546 1231 3612; x_wconf 80' lang='lat' dir='ltr'><strong>Gaji</strong></span> <span class='ocrx_word' id='word_1_273' title='bbox 1243 3551 1311 3598; x_wconf 87' lang='lat' dir='ltr'><strong>tenr-</strong></span> 
     </span>
     <span class='ocr_line' id='line_1_32' title="bbox 308 3625 1310 3705; baseline 0.006 -19"><span class='ocrx_word' id='word_1_274' title='bbox 308 3629 418 3704; x_wconf 85' lang='lat' dir='ltr'><strong>poribns</strong></span> <span class='ocrx_word' id='word_1_275' title='bbox 432 3628 490 3681; x_wconf 80' lang='lat' dir='ltr'><strong>sine</strong></span> <span class='ocrx_word' id='word_1_276' title='bbox 503 3625 700 3694; x_wconf 84' lang='lat' dir='ltr'><strong>mancipatione</strong></span> <span class='ocrx_word' id='word_1_277' title='bbox 714 3629 742 3682; x_wconf 90' lang='lat' dir='ltr'><strong>in</strong></span> <span class='ocrx_word' id='word_1_278' title='bbox 758 3631 929 3699; x_wconf 81' lang='lat' dir='ltr'><strong>adoptionem</strong></span> <span class='ocrx_word' id='word_1_279' title='bbox 943 3635 999 3688; x_wconf 87' lang='lat' dir='ltr'><strong>dari</strong></span> <span class='ocrx_word' id='word_1_280' title='bbox 1013 3643 1128 3705; x_wconf 88' lang='lat' dir='ltr'><strong>poterat,</strong></span> <span class='ocrx_word' id='word_1_281' title='bbox 1141 3641 1207 3691; x_wconf 82' lang='lat' dir='ltr'><strong>llus</strong></span> <span class='ocrx_word' id='word_1_282' title='bbox 1216 3639 1310 3691; x_wconf 86' lang='lat' dir='ltr'><strong>ehkio</strong></span> 
     </span>
    </p>
   </div>
   <div class='ocr_carea' id='block_1_8' title="bbox 308 3811 1310 4096">
    <p class='ocr_par' dir='ltr' id='par_1_9' title="bbox 308 3811 1310 4096">
     <span class='ocr_line' id='line_1_33' title="bbox 309 3811 1252 3889; baseline 0.006 -21"><span class='ocrx_word' id='word_1_283' title='bbox 309 3817 404 3868; x_wconf 77' lang='lat' dir='ltr'><strong>cietur.</strong></span> <span class='ocrx_word' id='word_1_284' title='bbox 423 3811 503 3870; x_wconf 81' lang='lat' dir='ltr'><strong>Conf.</strong></span> <span class='ocrx_word' id='word_1_285' title='bbox 516 3829 597 3884; x_wconf 81' lang='lat' dir='ltr'><strong>snpra</strong></span> <span class='ocrx_word' id='word_1_286' title='bbox 610 3813 703 3882; x_wconf 69' lang='lat'><strong>§.132</strong></span> <span class='ocrx_word' id='word_1_287' title='bbox 726 3819 787 3868; x_wconf 79' lang='lat' dir='ltr'><strong>oin·</strong></span> <span class='ocrx_word' id='word_1_288' title='bbox 829 3835 889 3883; x_wconf 83' lang='lat' dir='ltr'><strong>nus,</strong></span> <span class='ocrx_word' id='word_1_289' title='bbox 905 3821 937 3870; x_wconf 91' lang='lat' dir='ltr'><strong>L.</strong></span> <span class='ocrx_word' id='word_1_290' title='bbox 947 3820 991 3872; x_wconf 82' lang='lat'><strong>25.</strong></span> <span class='ocrx_word' id='word_1_291' title='bbox 1006 3836 1045 3888; x_wconf 89' lang='lat' dir='ltr'><strong>pr.</strong></span> <span class='ocrx_word' id='word_1_292' title='bbox 1058 3822 1091 3871; x_wconf 90' lang='lat' dir='ltr'><strong>de</strong></span> <span class='ocrx_word' id='word_1_293' title='bbox 1104 3823 1194 3889; x_wconf 84' lang='lat' dir='ltr'><strong>adopt.</strong></span> <span class='ocrx_word' id='word_1_294' title='bbox 1211 3821 1252 3888; x_wconf 69' lang='lat' dir='ltr'><strong>(l).</strong></span> 
     </span>
     <span class='ocr_line' id='line_1_34' title="bbox 309 3884 1310 3957; baseline 0.011 -21"><span class='ocrx_word' id='word_1_295' title='bbox 309 3885 382 3936; x_wconf 78' lang='lat' dir='ltr'><strong>dicor</strong></span> <span class='ocrx_word' id='word_1_296' title='bbox 395 3910 429 3918; x_wconf 90' lang='lat'><em>-</em></span> <span class='ocrx_word' id='word_1_297' title='bbox 442 3897 516 3935; x_wconf 73' lang='lat' dir='ltr'><strong>mam</strong></span> <span class='ocrx_word' id='word_1_298' title='bbox 525 3899 591 3937; x_wconf 83' lang='lat' dir='ltr'><strong>osse.</strong></span> <span class='ocrx_word' id='word_1_299' title='bbox 610 3884 788 3956; x_wconf 72' lang='lat' dir='ltr'><strong>Conivlpia-</strong></span> <span class='ocrx_word' id='word_1_300' title='bbox 864 3887 892 3954; x_wconf 67' lang='grc' dir='ltr'><strong>ς.</strong></span> <span class='ocrx_word' id='word_1_301' title='bbox 902 3889 960 3939; x_wconf 77' lang='grc'><strong>135.</strong></span> <span class='ocrx_word' id='word_1_302' title='bbox 972 3888 1052 3940; x_wconf 83' lang='lat' dir='ltr'><strong>Cons.</strong></span> <span class='ocrx_word' id='word_1_303' title='bbox 1059 3887 1086 3952; x_wconf 88' lang='lat'><strong>§.</strong></span> <span class='ocrx_word' id='word_1_304' title='bbox 1092 3891 1119 3942; x_wconf 78' lang='lat' dir='ltr'><strong>s.</strong></span> <span class='ocrx_word' id='word_1_305' title='bbox 1127 3893 1147 3942; x_wconf 93' lang='grc' dir='ltr'><strong>Ι.</strong></span> <span class='ocrx_word' id='word_1_306' title='bbox 1157 3891 1231 3957; x_wconf 87' lang='lat' dir='ltr'><strong>quib.</strong></span> <span class='ocrx_word' id='word_1_307' title='bbox 1238 3895 1310 3946; x_wconf 89' lang='lat' dir='ltr'><strong>mod.</strong></span> 
     </span>
     <span class='ocr_line' id='line_1_35' title="bbox 308 3950 1309 4026; baseline 0.011 -20"><span class='ocrx_word' id='word_1_308' title='bbox 308 3968 369 4016; x_wconf 88' lang='lat' dir='ltr'><strong>nus,</strong></span> <span class='ocrx_word' id='word_1_309' title='bbox 387 3952 452 4003; x_wconf 87' lang='lat' dir='ltr'><strong>L.l.</strong></span> <span class='ocrx_word' id='word_1_310' title='bbox 470 3950 496 4021; x_wconf 88' lang='lat'><strong>§.</strong></span> <span class='ocrx_word' id='word_1_311' title='bbox 507 3955 533 4004; x_wconf 81' lang='lat'><strong>2.</strong></span> <span class='ocrx_word' id='word_1_312' title='bbox 552 3953 585 4005; x_wconf 90' lang='lat' dir='ltr'><strong>de</strong></span> <span class='ocrx_word' id='word_1_313' title='bbox 603 3955 643 4008; x_wconf 85' lang='lat' dir='ltr'><strong>rei</strong></span> <span class='ocrx_word' id='word_1_314' title='bbox 660 3955 787 4010; x_wconf 79' lang='lat' dir='ltr'><strong>vindicet.</strong></span> <span class='ocrx_word' id='word_1_315' title='bbox 827 3955 1029 4022; x_wconf 41' lang='lat' dir='ltr'><strong>juspotsolvs</strong></span> <span class='ocrx_word' id='word_1_316' title='bbox 1054 3963 1309 4026; x_wconf 61' lang='lat' dir='ltr'><strong>otmrodim&#39;mes.</strong></span> 
     </span>
     <span class='ocr_line' id='line_1_36' title="bbox 308 4022 1068 4096; baseline 0.005 -22"><span class='ocrx_word' id='word_1_317' title='bbox 308 4025 367 4078; x_wconf 75' lang='lat' dir='ltr'><strong>tore</strong></span> <span class='ocrx_word' id='word_1_318' title='bbox 383 4022 558 4091; x_wconf 73' lang='lat' dir='ltr'><strong>mancipatur.</strong></span> <span class='ocrx_word' id='word_1_319' title='bbox 599 4024 680 4079; x_wconf 82' lang='lat' dir='ltr'><strong>Conf.</strong></span> <span class='ocrx_word' id='word_1_320' title='bbox 695 4027 789 4096; x_wconf 73' lang='lat' dir='ltr'><strong>leia·</strong></span> <span class='ocrx_word' id='word_1_321' title='bbox 831 4025 890 4077; x_wconf 86' lang='lat' dir='ltr'><strong>Vid.</strong></span> <span class='ocrx_word' id='word_1_322' title='bbox 903 4022 930 4093; x_wconf 89' lang='lat'><strong>§.</strong></span> <span class='ocrx_word' id='word_1_323' title='bbox 940 4027 999 4078; x_wconf 78' lang='lat'><strong>132.</strong></span> <span class='ocrx_word' id='word_1_324' title='bbox 1008 4026 1068 4080; x_wconf 73' lang='lat'><strong>1³4.</strong></span> 
     </span>
    </p>
   </div>
   <div class='ocr_carea' id='block_1_9' title="bbox 0 0 1536 4788">
    <p class='ocr_par' dir='ltr' id='par_1_10' title="bbox 0 0 1536 4788">
     <span class='ocr_line' id='line_1_37' title="bbox 0 0 1536 4788; baseline 0 0"><span class='ocrx_word' id='word_1_325' title='bbox 0 0 1536 4788; x_wconf 95' lang='lat' dir='ltr'><strong> </strong></span> 
     </span>
    </p>
   </div>
  </div>
 </body>
</html>
