3048 4792
324 293 369 340 Lll
661 277 865 332 PRAEFATIO
885 278 1054 332 moinonis

327 458 421 527 tione
448 455 498 526 sio
524 461 681 525 versatus
705 475 789 526 sum.
828 453 1047 527 nuncianae
1071 455 1238 548 epitomes
1263 465 1390 528 auoto-

325 593 386 654 'ras
414 581 457 652 de
478 553 666 652 retinendis
685 578 759 673 Gaji
776 580 896 654 verbis
915 580 1002 653 adeo
1027 601 1096 652 non
1121 583 1325 674 cogitarunt,
1352 593 1391 656 nt

330 711 357 780 si
381 710 544 781 orationis
572 707 717 779 formam
740 709 897 802 spectes,
915 709 978 782 uix
995 730 1083 782 unus
1101 707 1160 782 val
1182 707 1269 782 ulter
1291 710 1389 784 iocus

320 843 497 924 occurrat,
525 852 625 926 quem
644 832 805 906 conferre
829 837 1126 929 operaepretium
1149 832 1239 909 sitm.
1279 837 1389 930 Major

327 962 457 1034 fruetus
486 983 532 1032 ex
558 963 779 1052 argumentis,
807 981 894 1055 quae
920 963 955 1032 in
973 957 1167 1055 Epitome⁶³
1189 973 1387 1055 ineuntur,

322 1087 507 1179 eolligitur.
552 1087 679 1159 Omnes
708 1089 821 1181 itaque
848 1089 1025 1183 Epitomes
1051 1086 1161 1180 locos,
1189 1091 1244 1184 qui
1271 1099 1386 1164 mnte-

328 1217 413 1284 riam
431 1213 475 1284 ad
491 1213 678 1308 implendas
701 1213 841 1287 lacunas
859 1213 1085 1308 suppeditant,
1114 1215 1387 1290 annotationibus

328 1343 471 1430 inserui,
497 1342 718 1413 novissimam
744 1340 950 1414 Hauboldi
977 1343 1217 1414 recensionem
1243 1353 1279 1413 ut
1304 1341 1387 1437 plu·

328 1472 450 1538 rimum
473 1463 661 1540 meutosffl:
689 1467 752 1540 sed
775 1489 840 1540 nee
862 1465 1020 1539 iliudabs
1039 1470 1209 1542 revisum
1232 1479 1296 1558 est,
1323 1491 1386 1546 eos

328 1595 503 1689 Epitomes
529 1594 625 1667 looos
652 1597 687 1666 in
715 1592 987 1668 annotationibus
1006 1594 1186 1685 exhibere,
1212 1599 1282 1690 qui,
1309 1617 1386 1668 eum

326 1722 489 1794 hactenus
514 1743 559 1794 en
577 1721 652 1815 Gaji
670 1721 936 1797 Institutionibus
956 1745 1115 1796 manasse
1139 1725 1386 1799 existimaren-

324 1861 389 1939 tur,
416 1872 507 1920 nune
525 1849 662 1922 aliunde
677 1853 813 1944 repetiti
833 1850 1173 1941 esseinteliiguntur.
1219 1852 1259 1920 In
1278 1853 1387 1924 lusd-

324 1977 457 2048 nianeis
475 1974 626 2064 Digestis
651 1983 763 2044 autem
787 1983 823 2044 et
840 1972 1108 2045 institutionibus
1127 1995 1204 2044 oum
1222 1983 1386 2051 oonmxto

323 2109 441 2174 nostro
475 2096 738 2193 componendis,
770 2119 817 2168 ne
843 2097 886 2168 nd
914 2096 999 2170 alios
1030 2097 1127 2169 looos
1159 2101 1384 2195 respicerem,

324 2248 422 2321 quam
450 2225 505 2318 qui
531 2223 715 2296 verborum
744 2224 1033 2318 comparationem
1060 2224 1291 2318 admitterent,
1324 2251 1383 2302 res

322 2356 396 2448 ipsa
424 2348 566 2423 ferebat.
606 2349 645 2422 In
674 2371 815 2443 quorum
842 2359 956 2424 tamen
981 2349 1133 2426 loeornm
1151 2372 1293 2430 numero
1311 2372 1382 2431 non

322 2483 345 2550 ii
368 2485 499 2549 tantum
526 2477 715 2550 collocandi
744 2486 853 2566 erant,
882 2494 1039 2569 quosex
1058 2478 1132 2572 Gaji
1155 2480 1382 2554 Institutioni-

279 2700 282 2704 Ι
321 2609 384 2682 bus
419 2608 638 2703 depromptos
673 2625 753 2676 esse
780 2606 850 2695 jam
871 2611 961 2678 ‘ante
994 2603 1203 2678 sciebamus:
1237 2608 1299 2678 sed
1325 2607 1381 2680 alii

320 2748 502 2834 praeterea
529 2733 634 2823 multi,
662 2753 747 2827 pros
777 2753 822 2804 ex
848 2728 912 2804 illis
939 2732 974 2804 in
992 2731 1218 2810 iustinianess
1236 2733 1379 2808 Institu-

320 2867 430 2938 tiones
457 2861 638 2935 translatos
667 2881 746 2931 esse
772 2882 862 2930 nuno
889 2858 1022 2928 demum
1050 2862 1203 2956 apparuit
1213 2851 1250 2930 ⁶⁵.
1306 2859 1378 2933 Sed

319 2999 354 3059 ut
380 2993 415 3061 in
441 2986 648 3084 perficienda
675 2986 739 3058 bae
765 2988 1019 3079 comparatione
1038 2987 1117 3059 mihi
1141 2991 1216 3082 ipse
1233 2996 1377 3062 consta-

394 3201 428 3238 Η
452 3197 531 3252 Conf.
551 3197 730 3250 Commentar.
750 3199 782 3249 li.
802 3191 855 3261 Μ.
868 3199 929 3252 272.
943 3199 1077 3253 atnam

393 3295 427 3332 ⁶³
449 3295 508 3344 Hoc
527 3308 581 3343 uno
602 3293 683 3345 verbo
708 3291 737 3342 in
759 3291 978 3344 annotationibus
997 3291 1097 3359 ubique
1115 3291 1295 3346 Alarieianam
1314 3289 1378 3353 Gaii

316 3387 452 3454 epitomen
471 3385 617 3452 designavi.
638 3410 642 3418 ν
1000 3443 1001 3450 ,

389 3486 425 3522 ⁸⁴
445 3483 487 3534 Ad
505 3498 566 3548 pag.
579 3484 606 3534 9.
626 3479 879 3549 apponereobbtus
898 3497 957 3533 sum
977 3484 1065 3536 locum
1085 3481 1169 3535 bunc:
1189 3483 1264 3533 Nom
1282 3481 1377 3540 ltotipi

312 3587 488 3644 patronorum
507 3574 632 3637 beneficio
651 3580 717 3628 etc„
739 3575 799 3628 Vid.
817 3576 954 3643 Epitome,
972 3579 993 3643 I,
1010 3581 1036 3641 1,
1054 3575 1080 3642 §.
1092 3577 1118 3628 4.
1138 3575 1166 3626 in
1184 3575 1247 3627 fine.
1285 3575 1375 3640 (Nunc

313 3687 375 3724 eum
394 3668 532 3737 adscripsi.
567 3668 627 3721 Vid.
647 3669 826 3722 Commentar.
845 3673 865 3722 1.
884 3668 910 3736 §.
924 3673 967 3724 35.
987 3675 1043 3724 not.
1056 3670 1111 3736 41.)

388 3770 423 3806 ⁶⁵
445 3763 525 3814 Velut
536 3780 575 3830 pr.
590 3768 617 3814 et
631 3762 780 3830 §.§.1.5.1.
801 3765 898 3834 quibus
918 3765 1004 3818 modis
1021 3765 1067 3830 jus
1086 3762 1231 3832 potestatis
1249 3762 1376 3827 §muitum

312 3857 366 3925 Μ.
379 3859 440 3910 3.4.
455 3861 475 3910 1.
495 3859 528 3910 de
545 3859 651 3922 tutelis,
671 3875 710 3927 pr.
725 3861 744 3912 1.
764 3861 797 3912 de
816 3860 936 3927 legitima
957 3866 1117 3925 agnatorum
1137 3860 1236 3922 tutelam
1255 3857 1374 3926 ΜΛΝ.

312 3954 346 4004 de
363 3953 481 4004 Atiliano
500 3958 597 4011 tutore.
630 3954 710 4007 Cani.
731 3954 825 4021 Gajus,
846 3956 1063 4027 Commeatum.
1083 3952 1138 4020 Μ.
1148 3955 1207 4008 124.
1217 3953 1391 4006 lad—129,
1434 3955 1440 3962 '

311 4047 371 4100 144.
384 4048 443 4101 146.
459 4049 518 4102 147.
531 4051 588 4102 155.
600 4050 659 4100 189.
673 4051 732 4102 191.
